2802 4686
154 293 231 366 136
312 291 521 362 GRETSERI
534 291 590 358 ET
604 290 738 360 GOdRI
754 285 1086 357 COMMENTARIUS

152 462 303 521 mutandae
323 463 421 536 aaut,
441 457 573 519 adiuvare
592 461 623 516 et
646 455 761 514 induere
780 471 837 513 una
856 473 919 512 cam
948 453 1186 512 hieromnemone:
1206 454 1248 512 sie

151 549 225 606 enirn
238 547 357 606 Ioannes
379 545 499 602 Citrius:
542 542 752 602 lieromnemoair
770 540 891 619 efficium
911 533 1039 621 διακόνῳ
1058 538 1090 614 ἐξ
1112 533 1248 620 ἀνάγκης

151 627 325 712 προσήκει,
341 623 445 708 lueida*
466 621 675 709 ανννποορχάς
701 617 791 699 οὗτός
812 622 873 686 ἐστι
894 627 936 708 τῷ
950 625 1129 708 κανοτρισλιμ
1151 625 1195 700 εἰς
1215 620 1249 687 τά

150 713 338 797 περιτιθέναι
354 709 410 794 τήν
430 709 515 789 λτράν
535 709 644 790 στολὴν
660 713 701 792 τῷ
724 703 857 792 ἀρχιερεῖ
872 706 1008 788 μέλλοντι
1030 708 1247 788 λεροττρακτεῐν.

151 803 247 875 itaque
262 802 397 860 curatrice
409 797 477 856 nihil
491 797 567 856 aliud
582 797 692 854 videtur
701 794 746 854 hic
756 814 817 853 esse
832 813 917 872 quam
929 794 1089 854 vestiarium
1102 814 1154 854 seu
1169 796 1247 854 locus

152 888 271 946 vestium
285 902 442 962 sacrarum,
463 888 493 941 et
508 885 570 961 ipse
587 883 744 940 cumtririur
766 880 834 939 nihil
858 879 934 939 aliud
953 899 1037 958 quam
1060 881 1152 959 isqui
1172 881 1246 939 inter

152 971 290 1050 palatinas
305 969 456 1046 dignitates
472 967 628 1046 appellatur
641 969 790 1026 vestiarius.
831 965 886 1024 luit
907 970 937 1026 et
950 967 979 1024 in
992 964 1121 1026 Romana
1133 965 1250 1024 ecclesia

152 1055 298 1135 peculiaris
318 1058 440 1114 vestiarii
468 1055 589 1130 dignitas
610 1058 641 1112 et
662 1051 797 1128 officium,
817 1055 851 1110 ut
878 1069 912 1112 ex
927 1049 1077 1110 Anastasio
1094 1051 1247 1112 Bibliothe-

154 1141 227 1199 caric
249 1141 332 1202 docet
350 1138 521 1218 Onuphrius.
562 1137 597 1196 In
614 1135 818 1214 Turcograecie
844 1136 890 1196 fol
911 1135 972 1202 285
991 1137 1090 1196 dicitur
1112 1136 1250 1217 κανστρλ·

156 1245 237 1298 στος,
255 1229 303 1302 qui
316 1229 346 1284 ia
359 1224 474 1300 liturgia
489 1228 558 1282 tenet
580 1218 614 1286 τά
635 1215 796 1303 κάνστριον
810 1225 870 1283 τάν
883 1214 1102 1302 θυμιαμάτων,
1118 1223 1188 1302 quod
1200 1241 1249 1298 ege

154 1310 300 1370 trabalem
324 1314 493 1389 interpretor,
512 1307 605 1383 inquit
624 1314 729 1366 auctor.
771 1311 802 1366 at
823 1306 936 1366 irrecite:
959 1308 1021 1386 quis
1039 1307 1112 1366 enim
1125 1325 1250 1383 unquam

154 1395 262 1454 audivit
277 1388 437 1476 κάνστριον
451 1411 513 1452 esse
525 1392 699 1452 turibulum?
718 1390 772 1450 nisi
783 1393 856 1452 sorte
870 1391 956 1452 etiam
968 1393 1119 1453 canistrum
1131 1393 1169 1451 sit
1181 1391 1251 1451 brri-

154 1480 266 1540 bulum:
282 1499 347 1539 narn
367 1499 385 1540 a
407 1483 523 1539 caabtre
536 1497 587 1538 seu
603 1477 766 1536 diminutivo
779 1481 907 1536 canistris
927 1478 961 1538 fit
974 1482 1108 1538 ceastriae
1118 1497 1169 1557 per
1182 1495 1251 1554 syn-

154 1584 261 1644 copen,
281 1565 412 1642 idemque
425 1569 470 1624 est
487 1564 564 1640 quod
577 1558 702 1639 κάνεον,
718 1568 861 1622 contracte
874 1567 999 1639 κανοάν,
1014 1564 1055 1624 ita
1067 1568 1100 1621 ut
1115 1561 1252 1642 πανστρλ·

156 1667 221 1723 στος
234 1651 344 1726 integre
358 1651 396 1709 sit
415 1649 632 1723 κανιστρλσιος,
650 1647 802 1726 praefectur
816 1651 942 1708 canistrio
954 1667 1004 1708 seu
1021 1651 1151 1720 ταπίτλτος
1173 1648 1251 1708 cuius

156 1737 358 1813 praefecturam
371 1734 496 1794 extendit
513 1751 626 1810 quoque
639 1731 734 1790 lunius
750 1734 787 1792 ad
798 1738 947 1814 percurram.
987 1739 1019 1794 at
1033 1733 1131 1812 nobis,
1154 1739 1183 1792 et
1198 1733 1252 1811 ipsi

156 1821 241 1878 etiam
253 1820 380 1897 veritati,
400 1819 451 1876 nisi
470 1817 566 1896 fallor,
586 1819 674 1878 satius
698 1819 808 1878 videbar
826 1823 964 1879 constricti
981 1820 1102 1879 officium
1122 1819 1252 1878 vestiario

156 1905 393 1980 circumscribere,
414 1909 444 1964 et
465 1907 578 1962 canatn'i
593 1905 705 1962 nomine
723 1903 790 1962 nihil
809 1905 885 1964 aliud
907 1906 1031 1983 accipere
1055 1923 1139 1981 quam
1160 1905 1252 1965 locum

153 1971 204 2048 irbi
218 1996 310 2050 vestes
325 1989 497 2070 pontificales
511 1989 741 2069 asservabantur,
757 2009 812 2048 uno
826 1991 911 2050 verbo
925 1995 1087 2051 corbariam.

226 2103 284 2173 p.4
300 2121 328 2158 ι’.
348 2106 390 2160 16.
418 2099 747 2188 κανοτρήνσιοεηαοιχιιε,
765 2122 813 2158 aea
830 2121 880 2157 noa
898 2099 1252 2172 uumoivaaoeetuuarprlr-

157 2187 216 2234 αιος
231 2172 355 2242 scripturn
371 2173 502 2245 reperies,
524 2187 555 2226 aa
572 2189 619 2244 pre
632 2173 710 2226 varin
723 2173 832 2228 Graecis
843 2173 1031 2227 characteribus
1043 2173 1140 2226 Latinis
1152 2190 1254 2242 quoque

159 2242 232 2295 varie
246 2242 380 2302 redditum.
414 2257 504 2295 seusus
516 2242 675 2311 requiratur,
691 2241 736 2294 abi
755 2242 798 2296 vix
817 2242 887 2296 lavat
903 2243 1045 2296 character.
1078 2242 1255 2310 κανοτρίοιον

158 2304 217 2363 ἀπὸ
236 2311 286 2372 τοῦ
303 2310 451 2378 κανοτρίοο
468 2311 561 2363 dmum
572 2310 662 2374 videm
679 2307 827 2378 κάνατριον
845 2327 906 2364 vcro
922 2311 994 2382 panis
1005 2311 1133 2366 benedicti
1145 2316 1253 2377 lancem,

158 2379 199 2430 vel
211 2377 296 2448 potius
307 2379 372 2431 turis
383 2381 507 2440 arculam,
523 2379 565 2430 vel
576 2379 685 2448 denique
696 2383 835 2434 canistrum
844 2379 995 2450 recipiendis
1006 2382 1164 2451 patriarchae
1174 2381 1257 2434 vesti-

159 2448 208 2506 bus
219 2447 335 2499 idoneum
346 2447 516 2514 interpretor:
533 2448 641 2500 κανοῦν
656 2449 721 2500 enim
737 2449 803 2501 idem
822 2450 891 2518 quod
902 2446 1034 2502 πινάκιον
1044 2451 1174 2503 vasculum
1186 2449 1254 2520 apud

160 2516 297 2579 Nicetam,
315 2532 362 2586 pro
373 2515 453 2570 variis
461 2516 624 2569 lectoribus,
653 2517 781 2570 Allatiune
799 2520 839 2587 (et
850 2519 892 2586 dd)
910 2519 942 2572 de
959 2521 1128 2572 ceastrensior
1157 2514 1255 2574 ἀκαν-

159 2580 303 2652 στρήνοιος
319 2579 462 2638 ἀλλάττων
480 2585 521 2656 τρῖ
545 2580 672 2654 ἀρχιερεῖ
689 2582 741 2656 τὴν
764 2582 853 2640 adreci
876 2584 993 2655 στολήν,
1018 2579 1129 2656 κρατεῖν
1149 2583 1182 2641 di
1205 2584 1255 2642 καλ

159 2647 210 2707 τάν
228 2650 368 2722 &apiaria
385 2647 417 2706 ἒν
432 2655 468 2726 τῇ
484 2653 654 2726 λειτουργίᾳ,
679 2651 881 2721 nutriculae
903 2658 1004 2722 (velum
1024 2657 1110 2710 calicis
1130 2663 1157 2710 et
1176 2657 1255 2723 disci)

160 2716 192 2776 ἒν
208 2723 245 2790 τῆ
261 2723 341 2792 δεξιᾷ
354 2718 443 2777 αὐτοῦ
457 2725 544 2794 χειρί,
571 2719 705 2791 (λακτίζων
728 2723 775 2778 καὶ
798 2721 829 2778 τά
853 2719 929 2794 ὕδωρ
956 2723 996 2788 εἰς
1014 2722 1065 2780 τὸν
1081 2721 1151 2780 luris
1168 2721 1198 2780 ἒν
1215 2725 1256 2780 τεὸ
1278 2788 1280 2796 ¹

160 2779 295 2863 rpaadauqi
306 2790 399 2862 ἀμνῳ,
422 2795 531 2861 κρατῶν
547 2790 581 2850 ἀλ
595 2792 644 2848 καλ
662 2789 694 2849 τά
711 2790 842 2866 κιβώτιον
858 2797 914 2848 τῶν
938 2789 1108 2866 ἀρωμάτων,
1135 2777 1257 2863 καθιζά-

162 2877 246 2928 μενος
261 2858 311 2914 καλ
327 2858 368 2924 εἰς
384 2857 435 2924 τάς
449 2863 555 2930 κρίσεις.

246 2967 456 3044 Resereadariur
472 2990 490 3029 a
509 2968 642 3047 reserenda
661 2989 764 3030 nomen
782 2971 896 3030 uehens
917 2969 1002 3030 hodie
1019 2972 1103 3032 etiam
1123 2971 1153 3031 in
1171 2971 1259 3031 eccle-v

162 3051 220 3108 siae
247 3069 299 3108 usu
327 3058 435 3110 manet:
471 3055 635 3113 mittebatur
666 3075 700 3114 ex
735 3056 827 3115 officio
851 3055 888 3116 ad
911 3057 1106 3134 imperatorem
1134 3056 1186 3119 καλ
1214 3059 1259 3132 εἰς

162 3135 256 3216 μέγαν
270 3133 409 3213 ἀρχοντα.
451 3139 523 3198 rnale
536 3139 631 3198 lunius
649 3141 686 3199 eal
698 3141 855 3202 sacerdotem
872 3147 1033 3210 maximum:
1049 3150 1115 3202 narn
1140 3140 1260 3228 ἀμάρας

162 3216 263 3301 ἀρχαν
276 3222 399 3300 diguitas
412 3229 473 3282 erat
485 3224 625 3303 palatina,
638 3231 671 3286 ut
683 3225 787 3285 clarum
797 3245 831 3286 ex
844 3227 907 3306 ipso
920 3227 1031 3288 Codino
1045 3248 1068 3287 e.
1087 3235 1116 3294 2.

233 3345 269 3399 ib.
287 3359 313 3396 v.
330 3347 370 3402 17.
409 3346 514 3399 Suidesr
537 3341 749 3415 ἀεφερενδάριος
760 3343 918 3418 Ῥωμαϊκὸν
935 3344 1043 3418 ἀξίωμά
1059 3342 1148 3416 ἐστιν,
1170 3341 1258 3418 ἤχοατ

164 3407 334 3481 ἀναφορεάς.
369 3415 477 3470 Nicetes
493 3416 519 3469 in
535 3417 624 3470 Alexio
641 3421 765 3471 secundos
789 3420 839 3471 rori
855 3415 1029 3487 πατριάρχου
1046 3419 1202 3479 στείλαντος
1218 3415 1260 3478 εἰς

164 3477 217 3550 τὴν
239 3479 390 3538 δέσποιναν
414 3480 464 3540 τὸν
484 3479 586 3540 ἑαυτοῦ
613 3481 773 3556 ὑπηρέτην,
795 3482 826 3550 ἀς
847 3481 879 3540 ἐκ
902 3489 954 3540 τοῦ
975 3484 1143 3558 προβάλλειν
1166 3482 1206 3548 εἰς
1222 3482 1259 3539 τά

164 3556 264 3619 αρχεῖα
287 3552 335 3606 καλ
356 3551 578 3623 διαπορθμεύειν
601 3560 661 3618 τοῖς
683 3557 819 3627 βασιλεῦσι
843 3551 878 3609 τά
904 3552 1041 3625 βοαλητὲα
1059 3554 1107 3610 καλ
1124 3550 1174 3618 τάς
1187 3551 1259 3608 ἀπο-

164 3619 266 3686 κρίσεις
283 3615 393 3676 ἐκεῖθεν
411 3615 496 3685 αὖθις
511 3619 675 3693 μεταφέρειν
698 3629 851 3688 παλατῖνος
874 3620 1041 3693 ὠνόμασται.
1078 3625 1219 3676 dilatione:
1242 3620 1259 3677 ά

166 3683 379 3784 ῥεφεμενάάριος
394 3686 629 3762 ἀποστελλόμενος
649 3691 689 3754 εἰς
706 3690 857 3764 (ἀρχοντας
872 3692 921 3747 καλ
939 3694 978 3760 Μ)
996 3689 1131 3762 μεγάλους
1147 3689 1263 3759 ἀνθρά-

165 3775 236 3818 τιοι·ς
248 3755 395 3825 μηνύματα
406 3757 484 3828 παρά
500 3761 541 3830 τρῖ
556 3757 682 3832 ἀρχιερεῖ
692 3758 836 3834 ἐγγράφως
854 3761 902 3817 καλ
919 3758 1053 3833 ἀγράφως
1068 3762 1158 3832 φέρει,
1173 3766 1264 3817 καθε-

165 3822 276 3896 ζόμενος
296 3825 343 3881 καλ
359 3825 398 3890 εἰς
415 3825 466 3892 τάς
480 3832 590 3898 κρίσεις.

247 3937 283 3994 ib.
305 3955 330 3994 v.
357 3935 403 3998 18.
424 3934 455 4000 ·o‘
472 3933 820 4020 ἀπομνηματοχράφαν]1
838 3936 939 3998 Latine
958 3957 977 3997 a
996 3941 1186 3998 commentariis
1211 3955 1262 3996 seu

164 4024 414 4092 commentariensis,
433 4023 576 4082 scribunda
589 4027 780 4082 caementariis
794 4025 961 4103 praefectur,
984 4025 1032 4099 qui
1048 4023 1163 4082 Graccis
1178 4023 1262 4081 etiem

163 4100 480 4184 ἀπομνρματογράφος
501 4112 531 4164 et
553 4109 786 4188 κομενταρλσιος.
828 4129 930 4168 nornen
958 4109 1041 4169 officii
1069 4129 1127 4167 uon
1151 4113 1264 4166 tanturn

163 4189 338 4251 ecclesiastici
353 4193 403 4250 sed
419 4198 448 4252 ct
469 4192 590 4271 politici,
611 4193 709 4252 saltem
723 4196 799 4270 apud
819 4193 952 4269 Latinos,
975 4195 1011 4252 de
1029 4212 1086 4268 quo
1100 4193 1189 4252 multa
1206 4193 1262 4250 Ba-

163 4274 258 4335 ronius
271 4281 310 4337 ad
324 4278 506 4356 lilertyrolog.
519 4284 585 4338 tom.
599 4280 640 4343 27
654 4280 700 4338 die
713 4280 816 4340 Martii.
830 4279 990 4340 Bonclidius
1003 4279 1089 4338 vertit
1102 4282 1262 4340 octauam
