2822 4684
150 253 221 322 ret
304 249 515 318 GRETSERI
531 247 585 318 ET
603 245 735 318 eoum
752 242 1087 315 COMMENTARIUS

216 411 369 468 Habuerunt
394 407 504 464 Romani
527 408 631 464 comiter
654 407 751 462 ιλσόιάί
775 404 952 477 imperatorii,
977 403 1011 458 de
1033 405 1125 476 quibua
1146 405 1244 464 Paulae

147 484 276 536 Diacooua
303 481 322 536 l.
342 483 374 538 17
399 487 426 533 et
447 481 478 534 L.
503 479 536 532 29
561 497 583 532 c.
603 477 734 532 Theodoa.
764 475 797 528 (la
819 478 926 528 Annona
957 479 986 528 et
1012 475 1130 531 Tributie
1154 477 1173 532 Ι.
1200 480 1243 536 11.

148 552 245 604 Graeci
268 551 366 620 pariter
390 549 464 601 ctiam
485 548 591 600 vocibus
615 545 719 599 consoni
743 543 880 598 Badurium
902 542 991 596 luetini
1016 542 1245 615 ἰηινοιοκόμητα

146 621 203 676 τῶν
222 619 367 690 βασιλικῶν
384 617 525 684 σταύλτον,
553 615 680 683 aliumque
710 628 860 680 anonymum
888 612 977 666 eadem
1007 615 1178 736 appellatione
1203 617 1245 668 in·

147 689 270 758 signitum
291 686 359 757 apud
378 685 561 754 Theophanem
578 691 606 736 et
627 683 739 736 Leonem
763 680 960 736 Grammaticum
981 682 1008 735 in
1057 683 1175 754 heophilo
1201 684 1244 738 ia·

149 765 232 812 etant.
268 755 355 811 abiis
379 753 475 806 vetusti
497 753 591 812 Franci
614 753 740 820 regiorum
765 751 921 804 atabulorum
940 753 1044 806 comita
1061 753 1244 822 τοκιισκσολτο,

151 825 247 882 Graeci
263 823 417 876 recentiores
435 839 495 874 auos
512 821 712 883 κονεσταύλοος
735 816 939 882 κονοσταάλονς
959 819 1003 872 vel
1026 821 1246 886 νοντοστοιάλονς

150 894 292 958 deducunt3
310 893 356 945 hoe
369 897 453 944 tamen
472 892 505 943 ab
522 889 587 942 istie.
621 908 674 944 rem
712 889 781 944 ancia
799 887 894 959 aperio.
928 888 1033 942 comites
1050 890 1170 944 neoterici
1180 887 1246 944 κόν»

151 981 217 1023 τονς
234 963 278 1028 (ne
295 957 424 1027 κοντούς,
444 961 492 1012 hoc
510 965 550 1012 eat
568 962 670 1028 breem,
688 907 792 1026 (literis)
812 955 955 1026 appellent,
973 964 1002 1010 ut
1018 957 1126 1012 Niceten
1144 958 1171 1012 in
1190 963 1246 1012 An·

152 1032 257 1088 dronico
275 1031 292 1084 l.
311 1034 341 1085 1=
365 1024 468 1083 uinaria
484 1031 544 1089 τοῖς
560 1032 723 1096 στρατηγοῖς
739 1022 943 1095 ὀπτανόμενος,
970 1020 1018 1090 οὓς
1039 1025 1157 1090 κόννονς
1178 1028 1246 1098 einp

153 1119 195 1162 τις
219 1093 255 1154 οἶν
277 1097 383 1168 Λατίνῃ
407 1092 541 1168 διαλέκτῳ
568 1097 714 1166 χρώμενος.
767 1095 874 1148 alehela
901 1095 1006 1150 σταῦλα
1033 1098 1076 1150 vel
1104 1093 1245 1158 σταάλοντ.

151 1167 349 1238 Moechopuluee
367 1165 488 1229 ίππιόνερ
505 1161 700 1235 ίπποστάστις,
721 1165 842 1219 σταῦλοι.
877 1181 910 1216 ex
926 1171 1035 1234 utroquo
1051 1165 1122 1218 nullo
1140 1166 1246 1236 negotio

152 1237 355 1296 κοντοσταῦλος
376 1242 486 1288 creetur.
520 1252 553 1288 ex
579 1234 681 1288 Gallico
703 1233 866 1288 conneatcttc
890 1232 1034 1299 deduxisti,
1061 1234 1171 1304 inquies.
1206 1233 1248 1286 di·

152 1313 221 1361 ctum
239 1307 305 1364 volo.
339 1304 432 1358 Franci
449 1321 570 1372 namque,
587 1307 615 1356 ut
633 1302 832 1356 Christianorum
850 1302 915 1355 hono
935 1302 1055 1368 omisca
1072 1320 1123 1374 qua
1134 1303 1249 1370 gaudent

152 1376 180 1429 ln
198 1379 302 1428 exterae
317 1374 436 1442 regiones
454 1372 602 1425 excurrendi
626 1371 745 1437 licentia,
769 1373 794 1422 tr
826 1369 926 1423 nentina
942 1387 959 1422 a
976 1371 1102 1438 Graecia,
1128 1373 1204 1426 fidem
1220 1371 1249 1424 io
1343 1399 1348 1414 ι

155 1447 299 1496 Saracenos
322 1442 521 1563 propugnaturi.
549 1441 675 1511 stipendia
717 1388 909 1492 romeree‘liantur
932 1443 971 1504 (ut
994 1439 1113 1495 Rusellae
1137 1441 1180 1494 ille
1205 1439 1249 1510 qui

155 1513 348 1582 quadringentis
395 1511 477 1563 rancia
501 1511 567 1580 apud
595 1511 680 1578 Curop
707 1516 773 1562 atem
791 1515 818 1562 et
832 1511 930 1561 Annam
947 1509 1099 1562 componam
1117 1509 1249 1563 adiunctae

157 1583 316 1634 Graecorum
334 1581 472 1634 exercitum
487 1579 619 1643 ducebat),
636 1578 776 1648 (lucemque
792 1592 864 1631 auum
882 1577 981 1629 nonnisi
998 1579 1169 1649 appellatione
1180 1579 1249 1649 apud
1325 1635 1326 1640 ,

155 1666 216 1704 euna
232 1649 338 1702 colenda
355 1648 449 1700 (lictum
468 1647 610 1700 voluerunt.
646 1663 713 1716 qnae
733 1664 793 1699 varo
809 1647 909 1700 statuti
922 1648 1028 1714 comite,
1051 1648 1128 1716 vulgo
1146 1656 1249 1702 coaeta-

155 1719 266 1786 holurio,
280 1718 427 1770 honoratior
438 1733 495 1768 ease
509 1717 592 1786 potuit
609 1723 653 1768 aut
670 1715 718 1768 eibi
735 1714 874 1780 decentior,
890 1715 943 1768 cori
959 1715 1139 1770 concortallo?
1172 1734 1204 1769 aa
1220 1719 1251 1770 nt

156 1787 191 1840 ad
208 1788 273 1839 hano
291 1803 379 1838 vocem
395 1785 508 1837 velutin
526 1787 619 1838 fontem
638 1783 734 1836 Graeci
750 1785 863 1838 celerant
879 1801 939 1838 σοον
956 1785 1191 1853 κοντοσταύλονς,
1208 1785 1251 1838 in-

156 1863 200 1909 ter
211 1873 274 1924 quoe
292 1856 425 1922 Gregorae
442 1860 469 1906 et
486 1853 674 1919 Chalcondylea
690 1845 893 1916 κονοσταάλονς
909 1854 1080 1922 pronuntiant.
1115 1854 1251 1908 dictionem

83 1976 87 1982 .
156 1931 242 1978 tamen
254 1923 322 1993 apud
341 1930 458 1976 auctores
474 1922 565 1976 Alexio
584 1921 713 1973 comneno
730 1921 891 1992 auperiorea,
909 1939 957 1974 nec
974 1922 1122 1991 (lignitatem
1134 1940 1165 1976 eo
1177 1923 1250 1992 prio·

156 2011 210 2047 rem
227 1992 357 2062 reperias:
382 1998 410 2046 at
432 1992 466 2116 go
489 1991 580 2045 comite
597 1991 692 2044 annuli
711 1991 754 2044 vel
771 1989 930 2045 ooatoetaulo
947 2007 995 2044 ceu
1011 1991 1168 2047 Francorum
1186 1993 1251 2044 duee

155 2067 266 2116 motatur
283 2069 374 2116 auctor
391 2079 415 2115 c.
450 2098 458 2113 .

241 2153 304 2229 p.9
322 2169 348 2212 v.
366 2153 394 2217 9.
432 2145 554 2229 Magnus
574 2147 730 2230 logotheta]
752 2149 822 2227 quid
843 2149 883 2211 eit
903 2148 1066 2230 logotheta,
1086 2148 1251 2212 iamt1c.

156 2235 394 2313 6explioavimus,
414 2241 445 2296 et
465 2235 590 2314 quamvis
613 2235 728 2296 Nrcetas
752 2237 829 2295 dicat
852 2254 915 2296 ecee
935 2255 999 2295 eum
1019 2237 1068 2312 qui
1083 2233 1193 2294 Latinis
1213 2235 1252 2292 eit

156 2320 351 2400 cancellarius,
376 2325 470 2380 tamen
491 2320 521 2379 id
541 2319 646 2397 ubique
663 2319 756 2381 locum
772 2320 874 2380 habere
897 2339 956 2382 non
973 2326 1076 2400 potest
1098 2322 1160 2397 quis
1178 2321 1253 2380 enim

62 2442 66 2450 ·
156 2403 331 2481 logothetam
342 2398 466 2486 άγελσῖν,
484 2410 627 2488 pecuariae
642 2424 693 2466 eeu
705 2425 826 2484 gregum,
840 2411 921 2467 vocet
940 2405 1146 2485 cancellarium,
1166 2411 1199 2464 ut
1223 2409 1254 2463 et

156 2487 331 2568 logothetam
344 2493 399 2552 τοῦ
413 2483 543 2570 δρόμον,
566 2491 679 2550 corruo?
846 2491 848 2494 ’

227 2587 292 2640 illd.
327 2581 482 2655 λονοθέτην
509 2603 526 2640 a
550 2586 651 2656 Cyrillo
676 2591 705 2640 at
728 2587 956 2658 achryeoetomo
981 2587 1014 2641 ‹le
1038 2587 1138 2643 Poeoit.
1154 2569 1254 2659 acpriss

160 2671 228 2708 mum
247 2673 261 2707 a
279 2656 396 2709 Cedreno
414 2653 440 2708 in
458 2656 592 2710 Aeaeam
610 2662 790 2724 memoratum,
813 2674 902 2712 verum
925 2658 952 2710 in
971 2657 1022 2710 alio
1040 2675 1115 2728 quam
1131 2657 1174 2728 qui
1193 2673 1255 2726 per-

160 2729 288 2777 tractatur
304 2742 380 2778 aeneo
397 2725 513 2796 reperio:
539 2741 662 2794 praeeant
678 2726 743 2779 enim
761 2731 801 2779 eet
817 2743 868 2779 oon
887 2727 931 2795 qul
948 2727 1058 2794 aerarii,
1084 2727 1129 2781 aed
1146 2725 1191 2796 qui
1205 2742 1254 2795 po·

131 2817 133 2822 ·
159 2793 219 2846 blici
239 2793 367 2860 regiminio
383 2797 498 2849 ταλέοιιττ
512 2797 595 2864 poelt.
630 2811 735 2862 magnus
752 2811 861 2864 namque
877 2795 1010 2864 logotheta
1029 2813 1084 2850 cum
1100 2795 1276 2865 imperatore.

160 2863 296 2916 communie
311 2862 371 2914 boni
389 2863 513 2915 rationem
532 2865 627 2925 habet,
652 2880 695 2916 ree
711 2864 778 2917 unde
794 2865 952 2934 reipublicae
969 2865 1122 2918 commodum
1140 2871 1167 2917 et
1180 2863 1256 2921 simul

159 2930 297 3050 prirppppieG
300 2932 433 2983 thesaurus
456 2931 791 3056 ἷορὲιοίιιῃνᾶτίιίοἰολτὲλέ.
806 2939 833 3017 et
861 2932 970 3053 qerpppue
1000 2934 1103 3054 pupctip
1123 2931 1255 3054 'prppidet

160 3014 709 3137 tt¹attitulatatutti3
735 3039 791 3123 ιο·
805 3001 1258 3140 tutatuta-tltutilit

48 3175 52 3185 .
159 3131 307 3218 panteiano
327 3132 484 3205 πράγμασι,
514 3135 563 3190 καὶ
584 3133 663 3201 παρά
685 3139 737 3200 τοῦ
761 3135 892 3208 βασιλέως
912 3139 1040 3207 μεγίστην
1064 3135 1258 3206 καρπούμενος

160 3223 214 3271 την
237 3201 310 3286 olrici
330 3200 379 3257 διά
400 3222 429 3288 τε
453 3206 556 3290 σοφίαν
576 3204 624 3258 καὶ
647 3206 734 3274 γῆρας
747 3203 866 3289 ,μακράν
880 3205 940 3289 ,καὶ
958 3208 1087 3277 ποικίλην
1112 3201 1257 3289 ἐμπειρίαν

160 3289 592 3408 tutti*l‘tattttlt‘tt
607 3269 828 3398 {tellit
843 3275 1219 3398 tlttaelttllttllt’-
1230 3293 1257 3396 ¹:

162 3378 423 3477 eraeoypotz'ov‘etv
436 3361 681 3480 ‘Ayooliaoodoeii'topv
696 3412 811 3481 τίθησιν
832 3407 914 3465 Ἰωάν
951 3431 977 3465 ν.
1012 3411 1061 3466 καί
1077 3403 1113 3480 ἦν
1129 3365 1169 3467 voci
1185 3362 1256 3498 κηρίν-

159 3473 243 3547 σάπῳ
260 3478 312 3530 τοῦ
329 3475 460 3548 βασιλέως
476 3475 521 3533 olel
536 3474 742 3548 ὀπτανόμενος,
765 3478 813 3534 καί
837 3477 873 3534 τά
896 3499 998 3535 τσντοο
1019 3475 1176 3551 ἐντάλματα
1200 3498 1257 3535 ocu

160 3543 210 3598 καλ
229 3542 359 3612 ἐμφάσεις
375 3541 406 3600 ίιι
423 3550 580 3613 κρείττονος
594 3550 692 3616 μοίρας
709 3544 863 3619 δεχόμενος.
898 3550 1067 3622 Curopalatee
1084 3551 1109 3604 ln
1128 3551 1257 3603 Michacle

160 3613 345 3682 Parapinacio:
366 3613 405 3678 τίς
420 3614 472 3686 τὴν
489 3619 544 3670 τῶν
561 3621 664 3670 κοινῶν
680 3619 816 3686 διοίκησιν
833 3617 1082 3688 καταστησάμενος,
1101 3615 1258 3686 λονοθέτην

159 3678 248 3766 molegio
265 3681 494 3754 προβαλόμενος.“
516 3685 540 3738 ia
562 3703 612 3739 non
631 3687 750 3739 absimilis
769 3703 864 3740 nummo
879 3688 947 3756 regii
965 3689 1111 3758 publicique
1128 3688 1190 3740 iuria
1208 3687 1258 3738 ad-

159 3758 293 3816 ministro,
319 3770 393 3823 quem
421 3771 564 3824 supremum
589 3755 765 3808 cancellarium
788 3757 892 3809 Graeco
916 3757 1011 3810 Niceta
1035 3765 1101 3809 testa
1124 3772 1258 3809 vocamusa

159 3814 246 3888 ciple
261 3819 311 3875 τὸν
329 3820 451 3892 οίκεῖον,
475 3817 512 3884 oie
528 3819 547 3892 ἡ
565 3823 692 3878 Λατίνων
729 3821 838 3878 σάλιται
862 3821 959 3893 φωνή,
982 3821 1198 3893 κανκελλάριον,
1219 3824 1259 3876 ita

72 3953 75 3958 Ι
160 3889 251 3942 acrssiit
270 3891 379 3943 eiusdem
397 3893 523 3945 Manuelie
542 3893 560 3945 l.
578 3895 609 3959 7,
625 3887 705 3954 oiei'
727 3893 846 3963 Ελληνες
865 3895 969 3949 εἴποιεν
985 3890 1141 3963 λογοθέτην
1158 3882 1207 3961 (ἦν
1223 3887 1258 3946 <ll

158 3947 243 4020 οὗτος
259 3955 274 4012 ὁ
292 3957 455 4030 Μαηίντῑης
470 3957 630 4028 ἐπίσκοπος)
648 3957 777 4029 ἔπεμψεν.
812 3963 940 4028 raxam,
963 3980 1015 4032 que
1034 3981 1087 4018 vox
1106 3963 1259 4025 illustretur,

160 4025 221 4078 mihi
241 4027 371 4098 superflua
388 4037 436 4082 eet.
471 4027 646 4082 anirnadverte
662 4030 736 4083 modo
752 4029 908 4099 logothetam
925 4032 996 4104 priua
1010 4031 1092 4086 faisse
1109 4031 1152 4102 qui
1163 4030 1258 4100 publici

162 4095 255 4148 aerarii
277 4104 398 4166 quaestor
420 4103 538 4163 vocatum
563 4098 596 4150 de
616 4115 667 4167 quo
689 4115 766 4152 aenan
791 4116 838 4152 noe
858 4099 940 4168 inira,
966 4101 1010 4154 obi
1027 4101 1187 4168 logothetam
1205 4099 1260 4153 τοῦ

160 4165 271 4247 pecunai
292 4181 455 4248 exponemus.
489 4161 575 4248 μέγαν
598 4166 666 4219 hunc
690 4164 846 4242 λονοθὲτην
871 4176 930 4221 ante
952 4169 1035 4222 Alexii
1065 4179 1182 4238 tempora
1211 4168 1260 4222 vix

161 4232 274 4286 auditum
291 4251 361 4288 amoc
381 4234 526 4302 ἃιοικητον
544 4252 631 4289 vocem
648 4237 704 4290 eiua
720 4253 810 4292 mnnue
828 4238 894 4309 apud
908 4236 1028 4308 antiquos
1045 4237 1203 4308 significatae
1219 4238 1260 4292 ia·
