2798 4690
460 315 506 384 IN
525 316 673 384 GODlNI
699 315 783 384 GAP.
807 315 888 385 XV.
1156 319 1230 392 339

137 493 195 534 sese
209 477 279 531 'datu
300 477 383 531 salute
413 476 511 530 tuerint
531 475 682 560 amplexati,
706 477 822 532 undeet
847 475 1032 544 Φιλαδελφίαν
1054 495 1145 534 nemen
1171 480 1229 534 loeo

136 551 232 602 sactum
249 553 305 611 est,
329 545 362 599 ad
387 545 511 599 sinistram
531 547 581 599 fon
605 551 719 614 partem,
742 563 775 598 cx
790 545 878 598 iisdem
896 547 941 598 ΟΡ
959 546 1118 616 Originibcse
1136 543 1229 604 ὅτιτὸ

136 612 306 684 καλούμενον
324 610 510 682 assuescens
529 609 559 667 οί
572 608 634 666 aiot
654 611 707 666 είσι
722 614 774 666 τοῦ
789 611 908 683 μρηοίλου
926 617 1147 674 Κωνσταυτίνσυ.

205 718 231 770 p.
244 701 278 754 80
288 717 314 752 r.
328 701 353 754 1.
379 688 508 767 spicia
536 692 654 765 σταυρὸς
673 697 795 768 ἵσταται]
818 689 910 751 Suidas
925 716 952 752 v.
977 697 1107 766 σταυρόςι
1134 697 1180 758 ἐπὶ
1195 692 1229 756 τὸ

137 766 248 840 βόρειον
264 768 316 822 τοῦ
332 765 423 836 φόρου
440 763 523 853 μέρος
537 767 650 854 iussero,⁸
662 760 699 828 ὡς
715 762 792 854 etam
806 762 1119 852 adcdv'Koucrotveivcc
1147 787 1230 856 ppos-

136 835 307 960 assas
322 830 977 977 λιαλιιαιαααιλλαιλιι
995 807 1230 962 naalma

137 975 270 1096 douaiiid.
293 1034 525 1110 dercilus-mdccc]
542 1039 684 1094 simocatta
699 1041 718 1098 l.
735 1044 766 1096 1:
789 1040 976 1111 περίλαμπρος
997 1036 1023 1096 d’
1047 1030 1231 1114 οὖτος-χοῖρος

136 1111 187 1182 τῆς
201 1109 314 1171 πόλεως.
337 1109 399 1164 alias
416 1109 491 1177 vulgo
503 1107 697 1178 πωλητήριον,
712 1110 755 1164 ubi
772 1127 815 1164 res
831 1111 937 1180 quaevis
955 1127 1044 1165 venum
1060 1120 1229 1182 exponuntur·

205 1195 241 1248 sb.
260 1209 286 1251 ν.
298 1195 324 1248 2.
351 1186 500 1260 ἀπέρχεται
519 1186 535 1245 d
554 1189 692 1263 βασιλεύς]
711 1193 766 1247 sive
783 1201 902 1259 oraturus
912 1195 944 1248 ad
955 1194 1088 1250 ecclesiam
1099 1196 1155 1251 sire
1166 1200 1229 1251 συλ-

137 1259 287 1318 aceessum
303 1259 453 1331 procederet
469 1261 622 1330 imperator,
643 1261 778 1332 utrobique
793 1259 955 1330 προέλευσιν
977 1265 1102 1330 babebat,
1124 1281 1230 1334 eamque

136 1331 193 1402 ipse
215 1330 381 1402 imperatoriis
403 1328 450 1382 iusi
485 1330 559 1394 ibus,
584 1331 760 1384 comitantibus
784 1333 873 1385 aulicis
895 1333 1006 1403 propriis
1028 1333 1120 1401 cuique
1143 1335 1230 1387 officio

136 1401 251 1453 vestibus
267 1400 377 1465 ornatis,
394 1415 488 1468 popuo
504 1399 649 1466 gratulante
671 1405 698 1454 et
722 1400 823 1455 obviam
846 1401 1000 1470 procedente
1025 1405 1125 1469 agebat.
1148 1403 1231 1474 impe·

136 1467 432 1537 retoremNicepborum
448 1466 571 1520 describit
586 1467 759 1539 Luitpraudos
774 1470 801 1522 in
824 1470 952 1538 legatione
974 1462 1005 1522 ἐν
1025 1467 1181 1537 cocolariam
1196 1471 1230 1524 ad

21 1571 22 1580 ι
134 1553 251 1606 maguam
269 1535 400 1590 ecclesiam
434 1537 574 1603 relectum,
590 1535 774 1606 imperatricem
789 1537 1050 1592 lrenemcedrenusr
1066 1534 1231 1622 τῇδευτξρα

134 1607 187 1660 τοῦ
203 1601 286 1674 οἶηίου
302 1602 395 1673 πάσχα
410 1603 573 1657 απελθοῦσα
590 1599 609 1672 ἡ
632 1605 773 1676 βασίλισσα
789 1599 836 1659 ἐπὶ
851 1607 887 1677 τῇ
902 1602 975 1660 κατοὶ
992 1603 1080 1659 τύπον
1095 1625 1229 1676 pavonem

135 1669 294 1741 προελεύσει
310 1671 350 1734 είς
365 1667 431 1734 τούς
448 1665 545 1739 οἳηίους
560 1665 749 1736 ἀποστόλους·
773 1673 865 1742 δείλης
888 1669 921 1726 di
945 1675 1088 1758 προῆλθεν
1110 1669 1141 1730 ἒν
1163 1670 1231 1745 ‹ipri-

135 1761 202 1814 ματι
216 1741 311 1812 χρυσῷ
324 1735 426 1808 ἐποχου
447 1735 494 1809 ἕνη
511 1737 654 1809 τέσσαρσιν
671 1741 784 1810 ἵπποις,
811 1737 984 1810 κρατουμένη
1002 1737 1058 1794 υπὸ
1070 1747 1231 1812 πατρικίων,

136 1807 242 1880 ῥίψασα
263 1803 402 1862 ὑπατείαν
423 1758 454 1863 pv
476 1809 512 1878 τῇ
533 1805 601 1881 μέση
623 1806 738 1879 πολλήν.
773 1811 827 1864 Leo
851 1811 1050 1874 Grammaticus,
1075 1811 1116 1863 vel
1164 1813 1231 1866 nivis

137 1881 215 1942 alius,
232 1878 258 1930 in
275 1879 362 1930 Leone
379 1876 508 1931 Armenio:
526 1876 574 1931 καλ
589 1873 739 1948 προελθών
760 1875 791 1933 ta
812 1879 850 1948 τῇ
863 1880 983 1947 Χριστοῦ
1002 1875 1124 1948 γεννήσει
1146 1829 1178 1934 ic
1195 1879 1233 1949 τῇ

136 1941 264 2016 ἐκκλησία
288 1942 416 2014 εἰσῆλθεν
439 1942 479 1999 ἐν
490 1947 530 2018 τῷ
554 1948 753 2019 θυσιαστηρίῳ.
805 1945 932 2018 baccione
948 1942 981 2000 di
996 1945 1045 2000 καί
1060 1941 1229 2017 τῆς.ἕορτῆς

138 2017 194 2070 τῶν
212 2013 313 2084 φοίτων
327 2016 471 2082 προῆλθεν
488 2010 606 2085 ὁμοίως,
621 2015 669 2070 καὶ
687 1965 820 2072 είσελθέν
845 2009 879 2070 οὗ
900 2012 1111 2085 προσεκύνησεν.
1132 2016 1233 2070 cedre-

138 2101 186 2138 nus
202 2084 228 2137 in
246 2083 331 2136 Leone
348 2084 486 2155 Sapienter
506 2081 648 2153 συνήθους
663 2079 695 2138 di
710 2081 893 2152 προελεύσεσις
912 2080 1058 2154 γενομένης
1073 2078 1146 2139 κατὰ
1163 2081 1229 2153 ἡμέ-

138 2167 191 2220 ραν
207 2152 457 2222 τῆςπεντηκοσσῆς
472 2147 503 2207 ἐν
518 2155 559 2224 τῷ
574 2155 642 2225 ναῷ.
664 2155 815 2208 Ecstatbius
830 2153 931 2208 tandem
957 2154 989 2207 ad
1010 2153 1041 2207 ll.
1065 2156 1097 2208 1:
1123 2149 1231 2223 πομπή,

137 2223 292 2292 θρίαμβος,
309 2217 342 2276 ὃν
359 2219 520 2289 προέλευσιν
536 2220 554 2290 ἡ
572 2216 651 2290 κοινὴ
670 2226 774 2291 γλῶσσα
789 2225 876 2277 καλεῖ.
893 2241 925 2277 an
939 2223 1005 2275 idem
1023 2222 1057 2276 sit
1068 2219 1230 2289 προέλευσις

138 2292 205 2360 quod
228 2288 394 2360 πρόκενσος,
420 2290 458 2374 de·
479 2306 530 2361 quo
555 2291 685 2344 cedrenus
710 2293 737 2344 in
761 2292 858 2345 Iustino
878 2294 909 2347 λι
935 2280 1020 2354 αὖθις
1037 2287 1168 2361 βασιλέως
1185 2287 1233 2344 set

137 2356 301 2428 πρόκενσσν.
317 2377 374 2425 non
385 2360 514 2414 existimo:
531 2357 692 2429 προέλευοιν
709 2361 775 2413 enim
792 2377 842 2414 nou
867 2361 980 2433 reperies
1005 2359 1054 2412 nisi
1071 2359 1172 2430 pictatis
1187 2359 1232 2413 vel
1318 2424 1321 2430 Ι

139 2430 174 2482 ob
191 2435 299 2499 accepta
314 2428 438 2482 beneficia
454 2429 614 2500 tripudiantis
630 2430 673 2484 vel
688 2431 721 2483 ad
740 2430 887 2500 depellenda
896 2431 961 2484 mala
970 2429 1132 2499 deprecantis
1148 2427 1232 2498 gratia

138 2505 297 2567 susceptam,
320 2495 473 2566 meduanum
491 2515 552 2552 vero
575 2515 750 2568 nonnunquam
777 2497 810 2553 ad
833 2501 912 2552 solam
936 2515 1052 2571 pompam
1077 2503 1104 2550 et
1127 2499 1232 2560 tastum,

137 2567 188 2619 imo
205 2567 356 2688 quandopua
378 2565 411 2619 ad
435 2566 529 2621 luxum.
558 2569 612 2620 Leo
636 2567 820 2621 Grammaticus
836 2567 863 2620 iu
880 2569 968 2621 Louna
989 2569 1026 2621 Sa
1043 2569 1127 2620 iente:
1152 2562 1232 2620 Λέων

135 2630 291 2703 πρόκενσον
321 2634 434 2705 ποίησεν
452 2632 494 2697 είς
510 2632 545 2689 τὰ
561 2637 716 2705 Δαμιανοῦ.
735 2632 865 2698 συνόντος
881 2631 913 2690 di
933 2586 1064 2702 Zeurirgc
1076 2632 1126 2688 καί
1140 2650 1231 2701 παρα·

137 2700 354 2767 δυναστεύοντος
370 2701 417 2757 καί
441 2705 490 2791 της
512 2700 655 2774 θυγατρὸς
677 2700 764 2760 αὐτοῦ
783 2706 861 2792 Ζοοτῑς
884 2699 942 2774 ἅμα
958 2705 998 2774 τῷ
1016 2704 1123 2775 βασιλεῖ
1128 2739 1137 2769 ,
1162 2703 1231 2754 Θεο-

138 2767 220 2840 cesai
237 2767 269 2826 δὲ
284 2768 303 2840 ἡ
321 2765 422 2842 γαμετὴ
441 2775 528 2826 αυτοῦ
544 2769 578 2827 οὗ
594 2773 688 2844 παρῆν
704 2769 806 2843 ἐκεῖσε,
830 2767 888 2826 αλλ’
911 2767 942 2827 ἐν
965 2767 1132 2842 Βλαχέρναις
1149 2765 1178 2823 ἐν
1194 2767 1231 2838 τῇ

136 2839 204 2928 ἀμία
220 2841 294 2912 σορῷ
310 2839 524 2910 προσεκαρτέρει
540 2839 681 2912 εὐχομένη.
707 2845 835 2914 sequutura
860 2838 994 2907 δόξαντος
1016 2831 1068 2893 οὖν
1086 2839 1140 2893 τοῦ
1154 2838 1229 2910 βασι-

137 2913 204 2972 λεως
216 2915 308 2979 μεῖναι
324 2904 419 2964 ἐκεῖσε.
438 2920 507 2964 certe
523 2913 551 2966 ln
567 2912 643 2964 solita
659 2914 785 2966 ecclesiae
802 2913 961 2982 processione
986 2926 1036 2963 uon
1060 2909 1152 2962 fuisset
1175 2923 1231 2958 mo-

137 2987 225 3046 ratus,
248 2995 295 3031 nec
318 2996 403 3033 secum
425 2979 542 3050 pellicem
568 2981 698 3046 duxisset,
724 2989 770 3034 aut
790 2981 891 3034 interim
913 2981 968 3032 eius
992 2995 1057 3032 uxor
1071 2979 1099 3030 in
1116 2975 1231 3042 oratione

137 3047 230 3120 diutius
247 3056 430 3118 perseveraret.
450 3049 523 3102 Fasti
540 3049 619 3103 Siculi
638 3044 766 3118 ἐποίησεν
789 3044 868 3102 Λέων
890 3045 1043 3114 πρόκεσσον
1067 3047 1136 3117 (lega
1162 3039 1231 3108 πρό-

137 3133 235 3169 κενσον
251 3133 307 3168 cum
323 3117 393 3184 aliis)
410 3118 499 3184 μῆνας
515 3114 553 3182 ἕξ.
571 3119 699 3189 processio
718 3117 891 3172 ecclesiastico
908 3117 958 3170 ritu
975 3114 1120 3187 peragenda
1132 3119 1230 3166 tantum

138 3185 245 3254 spatium
263 3189 313 3236 non
330 3183 444 3254 requirit.
461 3185 494 3236 de
510 3204 627 3253 procem
645 3187 783 3257 principum
801 3194 827 3239 et
851 3187 1043 3254 magistratuum
1065 3199 1120 3237 oum
1145 3179 1231 3248 digni-

65 3251 69 3264 ¹
138 3259 218 3306 tatum
234 3252 375 3320 insignibus
392 3252 551 3307 Pancirollus
566 3255 592 3308 in
608 3256 721 3308 neusse
739 3255 851 3310 Orientis
869 3273 891 3307 c.
909 3256 952 3309 θλ.

222 3377 251 3436 p.
265 3357 343 3418 79v.
358 3359 408 3422 20.
433 3362 510 3416 tomo
530 3359 551 3421 3
569 3360 604 3417 de
617 3378 640 3416 s.
663 3379 742 3418 cruce
759 3360 777 3419 l.
801 3363 859 3423 1c
876 3361 917 3422 λδ
932 3356 1070 3435 descripsi
1079 3371 1230 3431 nummum,

137 3443 169 3500 in
181 3441 259 3500 cuius
272 3440 359 3498 altera
372 3446 453 3518 parte
465 3443 563 3500 visitur
574 3443 693 3502 loannes
703 3443 884 3524 Palaeologus
898 3443 1049 3520 imperator
1064 3440 1229 3517 Cpolitanus

137 3529 176 3586 ad
192 3527 523 3604 columnamcrucigeram
536 3528 748 3587 venerabundus
758 3528 1047 3608 etsupplicabundus‚
1068 3525 1128 3584 sine
1145 3525 1230 3582 dubio

138 3631 174 3671 ex
187 3612 241 3671 hoc
252 3611 517 3672 morecalendarum
531 3613 742 3691 Septembrium.
781 3614 845 3670 vide
857 3613 875 3672 l.
888 3633 910 3671 c.
929 3615 965 3671 de
975 3632 998 3671 s.
1012 3629 1099 3671 oruoe.
1132 3610 1167 3667 de
1184 3629 1230 3668 co-

138 3699 235 3757 lumne
254 3697 452 3776 porphyretica
467 3698 579 3756 consule
597 3717 669 3775 quae
685 3697 843 3776 scripsimus
861 3703 927 3756 tem.
946 3699 964 3759 1
984 3698 1020 3755 de
1035 3717 1059 3756 s.
1076 3713 1156 3753 oruoe
1177 3693 1232 3754 λθ

139 3803 163 3843 ο.
175 3784 215 3848 45
230 3801 264 3841 ex
273 3782 433 3860 Nicephoro
447 3787 476 3841 et
491 3783 601 3843 Codino
614 3785 643 3841 in
654 3784 815 3861 Originibus
826 3782 990 3860 Cpolitauis.
1032 3783 1161 3860 superest
1177 3778 1232 3835 hoc

137 3869 235 3927 itidem
257 3887 326 3926 aevo
348 3865 417 3926 haec
437 3868 564 3927 columna
584 3869 787 3948 porphyretica.
829 3873 917 3928 ecstot
932 3886 947 3926 e
964 3869 1068 3946 regione
1083 3865 1231 3935 mosomii,

138 3954 230 4029 inquit
246 3951 345 4011 Dousa
364 3953 393 4011 in
411 3973 463 4011 suo
483 3953 634 4032 Cpolitano
647 3956 802 4032 itinerario,
820 3951 864 4012 vel
877 3954 971 4034 potius
985 3955 1014 4012 in
1027 3948 1150 4011 encomio
1168 3946 1231 4009 Me-

139 4037 199 4096 letii
212 4039 354 4098 cuiusdam
370 4038 544 4117 patriarchae
564 4038 724 4108 Graecaniei
732 4082 742 4118 ‚
758 4040 801 4099 vel
815 4041 844 4098 in
859 4041 972 4116 ''satyra‚
991 4057 1048 4115 qua
1059 4033 1176 4101 Iesuitas
1186 4033 1229 4088 in-

140 4129 280 4201 sectatur,
298 4129 328 4184 in
343 4143 393 4202 ηαο
408 4124 548 4183 &erarem
562 4131 675 4184 orotmes
690 4126 818 4203 hospitari
829 4144 883 4183 moe
893 4130 941 4199 est,
963 4124 1082 4181 columna
1100 4117 1231 4201 Cumiacl-

140 4210 195 4266 λίνα·
202 4228 358 4286 purpurea„
373 4213 402 4269 a'n
415 4213 491 4268 cuim
505 4214 654 4272 summitate
665 4211 808 4292 spondylus
822 4210 979 4288 ueds'ficctaa
991 4211 1037 4277 cst,
1060 4207 1088 4264 in
1100 4220 1154 4282 ηαα
1162 4203 1232 4261 etar-

139 4292 213 4352 mods'
225 4297 361 4400 inscriptio
374 4301 501 4377 apparet:
583 4345 586 4351 ,
