2802 4686
393 293 451 362 DE
477 296 653 368 omens
678 301 739 371 GP.
765 303 851 376 GAP.
878 307 958 376 XV·
1177 315 1225 386 81

125 463 172 539 εἷς
191 460 247 545 τὴν
268 459 476 552 ἀποστροφήν,
512 465 584 534 ἀλλ’
610 465 797 559 ιύρὰτκονται
819 475 899 542 κατὰ
922 474 1090 563 συνήθειαν
1107 485 1150 560 εἰς
1170 484 1226 568 τὴν

123 561 226 648 πύλην
245 571 306 630 τῶν
324 563 477 652 Ὑψηλολν
497 569 686 656 ἐκδεχόμενοι
699 577 752 642 τὸν
762 580 909 661 βασιλέα,
934 585 986 650 καὶ
1001 582 1225 655 ἀκολουθοῦσιν

125 666 213 756 αύτῷ
226 668 316 756 μέχρι
330 672 381 736 καὶ
396 677 452 736 τοῦ
463 671 655 758 πεζεύματος.

228 773 321 838 Κατὰ
334 773 392 857 τὴν
403 771 526 860 μνήμην
538 783 594 844 τοῦ
605 775 740 866 μεγάλου
755 782 787 845 Γ
783 782 909 869 εωρνέου
924 785 968 862 εἰς
981 784 1038 870 τὴν
1053 790 1222 873 σεβασμίου
1239 795 1263 850 c

96 871 223 958 δμονὴν
236 880 298 940 ταῖν
309 873 499 961 Μαγγάνων.

228 978 322 1042 Κατὰ
348 980 403 1063 τὴν
428 987 485 1047 τοῦ
506 976 640 1068 μεγάλου
666 985 899 1050 Κωνσταντένου
921 983 1082 1073 ἀπέρχεται
1105 992 1148 1069 εἰς
1170 992 1223 1060 τὰν

120 1077 199 1145 ναὰν
210 1087 272 1146 τῶν
286 1077 378 1166 ἁγίων
393 1080 581 1164 ἀποστόλων,
605 1082 684 1150 ἔνθα
698 1088 748 1150 καὶ
764 1083 785 1170 ἡ
803 1084 873 1173 ἀμία
886 1085 995 1156 τούτου
1011 1091 1104 1179 σορὸς
1117 1104 1223 1162 νεῖται.

226 1183 319 1248 Κατὰ
331 1185 367 1250 τὰ
382 1186 513 1270 γενέσιον
526 1193 583 1254 τοῦ
594 1191 694 1270 τιμίου
710 1187 888 1277 προδρόμου
903 1193 945 1268 εἰς
958 1192 1015 1276 τὴν
1028 1195 1079 1259 ἐπ’
1096 1195 1223 1280 ὀνόματι

119 1285 294 1369 τιμωμένην
313 1290 482 1372 σεβασμίου
501 1288 598 1374 μονὴν
619 1290 715 1356 αὐτοῦ
735 1295 942 1378 τῆςΠέτρας,
968 1293 1222 1366 ἀκολουθούντων

79 1400 113 1452 10
121 1385 285 1454 κάνταῦθα
300 1397 361 1456 τῶν
373 1391 545 1478 Βαρύγγων
559 1393 648 1479 μέχρι
664 1397 716 1460 καὶ
728 1401 784 1479 τῆς
796 1401 910 1481 μονῆς,
941 1396 1029 1464 καθὰ
1043 1403 1094 1466 καὶ
1108 1404 1151 1479 εἷς
1166 1403 1221 1472 τὸν

120 1495 183 1554 τῶν
195 1495 379 1580 Βλαχερνῶν
389 1492 473 1574 ναόν,
495 1491 537 1572 ὥς
549 1492 727 1580 δεδήλωται.

223 1596 316 1660 Κατὰ
331 1596 386 1678 τὴν
404 1594 527 1681 μνήμην
546 1604 607 1664 τῶν
629 1595 723 1683 ἀρέων
743 1602 795 1664 καὶ
814 1597 1021 1688 πανευφῆμων
1041 1601 1219 1671 ἀποστόλων

118 1693 284 1783 ἀπέρχεται
306 1696 398 1763 πάλιν
422 1702 465 1776 εἷς
488 1698 542 1766 τὰν
566 1699 618 1765 ἐπ’
645 1699 772 1785 ὀνόματι
795 1703 897 1770 αὐτῶν
917 1709 1004 1770 θεῖον
1027 1705 1101 1772 ναὸν
1122 1705 1219 1793 τιμαλ-

116 1821 223 1880 μενον.

78 1911 109 1966 15
173 1963 185 1992 ι
225 1898 317 1962 Κατὰ
345 1898 400 1983 τὴν
430 1907 486 1984 τῆς
509 1900 598 1979 deinc
621 1901 890 1991 μεταμορφώσεως
918 1901 1027 1993 ἑορτὴν
1054 1907 1215 1995 ἀπέρχεται
1231 1927 1256 1982 1)

116 1997 270 2078 ὡσαύτως
283 2001 325 2077 εἷς
338 2002 394 2087 τὴν
407 2007 577 2088 σεβασμίαν
590 2003 686 2088 μονὴν
701 2013 756 2072 τοῦ
769 2014 906 2095 σωτῆρος
919 2011 1059 2095 Χριστοῦ
1072 2017 1128 2075 τοῦ
1140 2037 1218 2077 παν-

115 2100 314 2189 τοκρύτορος.

222 2205 315 2271 Κατὰ
335 2203 390 2290 τὴν
410 2208 550 2291 κολμησιν
565 2214 620 2292 τῆς
636 2203 800 2295 ύπεραμάς
813 2205 962 2276 θεοτόκου
978 2202 1072 2287 αὖθις
1089 2212 1217 2298 ἀπέρχε-
1290 2239 1296 2261 1
1312 2261 1320 2277 ι

117 2331 169 2374 ναι
186 2310 229 2386 εἷς
242 2309 298 2393 τὴν
312 2305 400 2392 ἀμάν
413 2311 534 2399 Σοφίαν
548 2309 783 2400 διανυκτερεύων
798 2312 908 2392 latine,
932 2309 976 2391 ὥς
988 2314 1045 2380 κάν
1061 2322 1100 2402 τῇ
1109 2313 1215 2404 μνήμῃ

77 2415 173 2478 aocet
187 2407 424 2498 Χρυσοστύμου.

220 2514 390 2606 Κατὰῃτὴν
411 2513 568 2600 ἀποτομὴν
588 2521 645 2582 τού
668 2515 770 2598 τιμέου
793 2511 972 2604 προδρόμου
989 2512 1081 2583 πάλιν
1098 2522 1141 2596 εἰς
1159 2519 1214 2604 τὴν

117 2617 276 2704 εἰρημένην
288 2618 458 2701 σεβασμίου
469 2617 566 2700 μονὴν
578 2619 672 2686 αάτού
685 2620 740 2704 τὴν
752 2626 806 2704 τῆς
815 2621 950 2708 Πέτρας,
972 2627 1032 2687 τῶν
1041 2621 1213 2710 Βαράγγων

117 2717 371 2788 ἀκολουθούντων
385 2718 428 2800 ὡς
442 2723 492 2786 καὶ
507 2721 543 2786 τὰ
557 2718 713 2810 πρότερον.
1167 2732 1170 2738 ’

1244 687 1249 702 l

184 2899 202 2954 7
219 2893 308 2953 αύτοῦ
325 2898 350 2952 Α
453 2897 487 2954 18
503 2891 658 2967 ύπερανλας
672 2899 750 2953 οωΑ

67 3021 72 3030 .
116 3049 317 3120 praestolantur,
335 3057 365 3105 ut
379 3056 531 3106 consuetum
548 3058 602 3119 eet,
623 3051 657 3104 ed
670 3057 773 3121 portam
788 3049 840 3104 loai
857 3050 914 3103 τεὰν
929 3048 1072 3121 'Mutum
1100 3042 1146 3107 ubi
1164 3053 1212 3108 in·

116 3127 263 3191 potatorem
280 3120 423 3190 excipiunt,
442 3126 469 3174 et
483 3137 567 3190 neque
585 3121 619 3176 ad
632 3120 716 3174 locum
732 3138 784 3190 quo
800 3137 833 3172 ex
850 3137 918 3188 equo
931 3119 1021 3174 desilit
1034 3121 1176 3176 deducunt.

129 3257 137 3272 .
183 3191 267 3244 Festo
289 3190 376 3259 magni
399 3189 512 3259 Georgii
533 3189 590 3245 abit
612 3190 645 3244 ad
670 3190 846 3246 venerandum
867 3189 1056 3258 Manganornm
1078 3199 1211 3246 moneste-

114 3275 179 3312 num

182 3295 216 3380 ln
232 3325 356 3380 memoria
372 3324 458 3394 magni
469 3323 637 3379 Constantini
654 3325 767 3380 discedit
782 3326 816 3381 ed
830 3325 953 3397 templum
965 3325 1015 3380 SS.
1027 3325 1214 3400 apostolorum,

116 3394 161 3450 nbi
179 3405 295 3449 semotum
313 3396 369 3448 eine
384 3393 556 3448 conditorium
574 3402 669 3448 exstat.

182 3465 215 3518 In
240 3464 380 3518 nativitate
405 3462 549 3517 venerandi
589 3461 704 3516 rodromi
722 3463 826 3516 confert
842 3479 872 3516 eo
888 3463 1032 3531 imperator
1048 3464 1081 3516 ad
1098 3481 1211 3520 veneru-

115 3533 167 3588 bile
182 3534 367 3587 monesterium
384 3532 497 3601 Petrae,
515 3482 587 3599 quod
602 3532 686 3600 ipsius
703 3532 807 3585 nomine
823 3531 975 3598 honoratur,
995 3532 1166 3600 sequentibus
1184 3541 1212 3589 et

116 3601 157 3656 hio
173 3601 302 3671 Barengie
324 3618 408 3671 neque
431 3602 465 3654 nd
488 3601 689 3670 monesterium,
713 3601 792 3656 aienti
814 3601 850 3656 ad
864 3599 1066 3654 Blachernarum
1087 3602 1209 3674 templum

116 3671 232 3726 comitari
247 3671 346 3738 nolent,
363 3679 393 3723 ut
409 3671 569 3739 praedictum
588 3677 638 3724 est.
802 3708 805 3714 -

179 3742 263 3795 Ferte
279 3748 428 3794 sanctorum
446 3747 474 3792 et
489 3739 602 3792 omnium
619 3755 666 3793 ore
681 3736 870 3793 laudandorum
890 3737 1067 3810 apostolorum
1083 3739 1141 3794 abit
1156 3740 1208 3798 ite-

115 3825 168 3864 rum
184 3811 213 3863 in
229 3809 352 3880 templum
370 3809 439 3878 qnod
457 3825 546 3862 eorum
562 3808 667 3862 nomine
682 3807 788 3861 colitur.

62 3897 65 3904 ·
178 3879 211 3932 ln
226 3881 297 3933 fonto
314 3878 420 3932 divinae
436 3877 673 3946 transfigurationis
688 3875 808 3932 similiter
824 3875 882 3930 abit
898 3875 931 3928 ad
948 3875 1101 3932 venerabile
1117 3893 1208 3930 moue-

114 3947 219 4002 eterium
232 3947 333 4002 Christi
346 3945 486 4000 salvatorio
501 3947 696 4018 omnipotentis.

179 4016 210 4070 ln
229 4017 385 4073 dormitione
402 4015 583 4070 sanctissimae
599 4015 724 4085 deiparae
742 4015 846 4068 confert
864 4031 894 4068 ae
911 4010 945 4065 ad
961 4013 993 4066 S.
1010 4012 1154 4082 Sophiam,
1181 4018 1209 4066 et

115 4086 150 4140 ibi
163 4093 311 4155 pernoctat,
328 4087 398 4140 sicut
414 4085 526 4138 infesto
543 4085 575 4138 S.
592 4083 786 4152 chrysostomi.

177 4155 210 4209 In
236 4156 409 4210 decollatione
432 4154 576 4207 venerandi
620 4153 780 4208 raecursorie
805 4151 900 4204 iterum
926 4149 983 4203 abit
1006 4148 1150 4216 imperator
1174 4147 1207 4199 ed

114 4225 287 4308 supradictum
301 4223 453 4280 venerabile
469 4231 654 4278 monasterum
670 4211 784 4291 Petrae,
808 4218 937 4288 Barongie
954 4214 1150 4280 comitantibus,
1179 4222 1209 4268 nt

113 4309 192 4364 putus.

152 4372 243 4426 Cadio.
266 4371 416 4441 Ουτομολοι.
439 4373 471 4426 de
494 4373 568 4439 Osfio.
981 4357 1000 4416 6
