2744 4690
465 278 511 348 ru
535 275 685 360 cornu
704 277 790 351 orr.
814 278 899 348 xx.
1151 281 1226 380 arr

123 447 213 527 toris,
231 444 352 506 Cedreru
366 463 397 526 p.
419 440 499 522 594,
520 425 661 508 inlocum
680 443 776 507 Photii
796 445 975 508 subsfitmus
995 445 1137 526 syncellus
1157 467 1230 526 quo-

125 552 181 610 que
194 533 357 608 designatus
371 536 417 589 est
431 529 459 589 T
460 530 665 610 heophylactus
683 530 806 592 Romani
823 531 966 612 Lacapeni
985 533 1057 593 tilius
1075 553 1094 594 a
1110 533 1230 596 Nicolao

4 665 5 672 ,
124 617 301 698 patriarcha,
322 617 376 676 etsi
392 617 417 674 ei
439 635 497 675 non
509 618 662 704 successit,
684 620 737 677 sed
756 618 920 697 Stephanus
937 610 1231 698 Amaseaemetropo-

4 689 6 756 ἶ
122 703 191 782 lita,
213 703 297 762 Cedr.
313 703 343 760 in
364 702 431 782 imp.
452 699 534 760 Rom.
548 699 617 762 Lac.
631 724 660 783 p.
675 702 745 767 624.
766 704 803 762 de
818 701 924 763 Ioanne
945 704 1067 781 syncello
1088 705 1152 783 lege
1166 705 1231 767 ’Ζο-

123 807 221 849 ueram
241 789 271 848 in
288 788 407 866 imperio
426 769 592 866 Theophili,
613 794 647 848 ut
670 794 700 848 et
719 789 756 846 de
770 788 907 848 Michaele
924 790 1048 867 syncello
1062 791 1232 852 Cedrcnum.

122 873 199 932 idem
219 874 374 941 Cedrenus
385 874 555 935 mentionem
576 874 645 934 facit
667 875 867 954 protosyncelli
893 876 924 934 in
947 876 1063 953 imperio
1087 875 1233 935 Michaelis

124 959 296 1036 Stratiotici,
316 959 443 1035 satisque
455 959 636 1020 indicateam
649 960 686 1018 de
700 977 758 1035 qua
770 959 809 1018 ibi
822 960 948 1036 loquitur
962 961 1131 1038 dignitatem
1144 962 1233 1020 tuisse

124 1044 284 1124 politicam,
304 1061 362 1110 non
377 1043 606 1124 ecclesiasticam,
628 1063 692 1104 cum
704 1045 781 1104 dicat
795 1065 882 1124 penes
896 1045 975 1106 illum
987 1047 1081 1105 fuisse
1099 1047 1233 1128 reipubli-

122 1149 174 1208 cae
187 1130 425 1190 administrandae
440 1148 542 1189 curam.
560 1133 605 1216 cpi
616 1129 867 1216 προποσνγιιὲλλῳ
880 1130 1002 1210 Λέοντι,
1022 1133 1125 1212 inquit
1138 1149 1231 1215 προσ·

125 1209 267 1290 albiense
275 1209 316 1278 'sol
329 1210 418 1277 securi
430 1215 595 1279 διοικοῦντι
607 1219 652 1301 τῷ
663 1211 739 1279 τότε.

209 1315 263 1374 Est
276 1321 371 1375 autem
388 1315 527 1393 syncellus
541 1316 621 1393 quasi
643 1316 768 1376 eiusdem
783 1315 869 1376 cellae
883 1335 1015 1396 consors,
1036 1323 1066 1378 et
1078 1323 1232 1398 protosyn-

124 1399 209 1460 callus
222 1401 328 1480 primus
341 1400 415 1460 inter
428 1401 513 1462 cellae
535 1407 689 1463 consortes.
708 1421 754 1461 res
770 1404 887 1464 tandem
908 1403 939 1462 in
962 1403 1109 1480 dignitatis
1126 1423 1230 1464 nomen

124 1486 208 1562 abiit,
231 1491 263 1544 ut
275 1488 324 1563 qui
338 1505 391 1546 nec
404 1484 573 1570 odyncrcnos
592 1505 646 1549 nec
666 1480 821 1568 odynsllos
837 1494 950 1568 essent,
971 1489 1042 1548 tales
1062 1494 1157 1548 tamen
1176 1509 1231 1567 ap-

123 1569 303 1650 pellarentur.
324 1573 398 1632 sicut
419 1571 504 1632 hodie
524 1571 605 1632 multi
627 1572 735 1632 habent
749 1591 813 1632 eum
824 1573 937 1632 titulum
949 1579 983 1632 ut
998 1580 1133 1634 vocentur
1146 1575 1176 1634 S.
1190 1571 1230 1634 D.

124 1657 162 1715 N.
177 1657 327 1729 domestici,
338 1659 389 1718 ita
404 1662 434 1715 et
450 1658 565 1736 syncelli
578 1657 800 1736 patriarcharum
819 1661 935 1716 tandem
954 1665 1103 1719 evaserunt
1121 1659 1160 1717 illi
1180 1658 1231 1734 qui

124 1743 199 1800 sorte
209 1759 355 1817 nunquam
366 1743 396 1802 in
407 1743 575 1822 patriarchio
588 1742 793 1814 habitaverant.
804 1741 869 1800 huic
883 1747 983 1820 postea
993 1745 1126 1820 dignitati
1141 1763 1230 1822 agna-

125 1833 186 1884 tum
200 1831 245 1886 est
258 1831 391 1907 πρῶτος,
414 1822 690 1909 πρωτοσύγκελλος,
711 1845 746 1886 ex
766 1827 850 1886 solita
863 1828 992 1886 nimirum
1005 1828 1157 1888 ambitione
1171 1847 1230 1904 qua

125 1910 262 1989 simplicia
281 1911 417 1970 vocabula
440 1916 498 1975 sori
519 1906 643 1995 πρώτον
665 1913 820 1972 convestire
845 1912 946 1972 solent.
976 1913 1141 1973 invenerant
1164 1913 1232 1972 olim

126 1996 228 2054 Graeci
241 1996 354 2055 titulum
367 1997 531 2058 nobilissimi.
549 2015 594 2058 res
608 1997 654 2056 hic
667 2017 726 2056 non
739 1997 836 2076 stetit,
856 1998 971 2056 ambitio
984 1999 1233 2079 πρωτονωβελὶιι-

126 2101 213 2160 σιμος
227 2100 289 2140 esse
301 2081 398 2141 voluit.
419 2101 471 2141 nec
486 2082 548 2159 hic,
566 2083 692 2158 quamvis
703 2084 735 2141 ,in
747 2082 834 2160 longo
848 2083 976 2160 nombre,
990 2083 1069 2142 finis:
1091 2089 1124 2142 ut
1138 2082 1232 2165 plac‘ct

126 2166 178 2226 tibi
200 2166 247 2225 ille
265 2167 297 2226 in
320 2167 386 2227 Iure
410 2166 664 2228 Graeco-Romano
684 2167 702 2226 l.
721 2161 742 2228 4
765 2161 901 2245 Numitor
918 2169 1232 2250 πρωιονοιβελισσιμο-

126 2250 309 2330 cinipruroct
331 2251 414 2328 quale
434 2259 591 2312 monsturm
608 2253 696 2312 tituli!
718 2259 799 2313 erant
813 2250 929 2312 Graecis
949 2246 1111 2335 πρόεδροιτ
1131 2253 1232 2314 titulus

126 2337 180 2394 iste
200 2337 346 2414 augendus
367 2338 421 2397 fuit
448 2339 623 2418 praescripto
645 2335 780 2398 soeculo
810 2333 948 2419 mouson,
975 2335 1232 2420 npusonprierlpoc,

127 2423 205 2496 quod
213 2423 243 2480 in
258 2421 322 2481 lure
333 2422 587 2484 Graeco-Romano
600 2424 707 2504 passim
721 2423 833 2494 obvium
846 2428 898 2482 est.
916 2423 970 2483 etsi
984 2429 1078 2483 autern
1092 2425 1233 2503 scriptura
1273 2478 1276 2482 .

125 2507 173 2565 illa
192 2505 335 2590 odyyeloc
352 2513 382 2568 et
402 2503 644 2590 πρωιοσύγγελος
666 2511 744 2588 apud
765 2508 916 2568 nonnullos
936 2510 1087 2587 scriptores
1109 2511 1235 2587 reperia-

127 2598 190 2668 tur,
210 2611 269 2652 non
283 2593 382 2652 dubito
397 2598 492 2654 tamen
505 2595 634 2654 vitiosam
647 2611 727 2671 esse,
747 2611 966 2671 germanamque
979 2595 1054 2653 illam
1072 2589 1233 2676 oriyuclloc

126 2671 450 2759 ειιπρωιοσύγκελλος,
473 2679 539 2757 quia
554 2680 659 2746 clarum
680 2684 724 2737 est
743 2699 762 2738 a
780 2679 911 2756 concello,
929 2678 985 2738 hoc
1008 2685 1053 2737 est
1072 2680 1108 2738 ab
1133 2681 1234 2739 eadem

127 2763 213 2838 cella,
230 2783 334 2826 nomen
348 2766 526 2826 descendere.
547 2765 613 2824 hinc
625 2763 790 2826 Wilhelmus
805 2763 910 2841 Tyrius
926 2762 967 2828 14
984 2769 1024 2829 12
1045 2765 1169 2824 concellus
1180 2783 1233 2822 no-

126 2849 223 2908 minat.
264 2847 412 2908 Ennodius
433 2850 452 2910 l.
474 2853 492 2913 1
512 2852 595 2932 epist.
613 2849 633 2914 6
654 2855 737 2910 vocat
757 2850 915 2928 cellularum,
937 2854 968 2908 et
989 2850 1067 2926 quod
1092 2849 1234 2908 Graecum
1309 2867 1315 2937 Ι·

126 2934 216 3010 magis
237 2935 381 3012 exprimit,
403 2936 587 2996 concellaneus.
629 2935 775 2995 Heraclius
796 2937 968 3013 imperator,
989 2941 1023 2995 ut
1046 2935 1141 2993 estin
1162 2954 1235 3011 qua-

127 3021 194 3076 darn
206 3019 266 3076 cius
281 3022 497 3097 constitutione,
516 3039 590 3096 quae
603 3026 696 3080 exstat
721 3021 739 3079 l.
760 3023 782 3082 2
801 3019 873 3079 Iuris
897 3018 1158 3098 Graeco-Romani,
1180 3039 1235 3078 nu-

127 3121 234 3161 merum
254 3107 426 3182 syncelluum
446 3107 485 3165 ad
507 3107 579 3165 duos
599 3107 717 3184 redegit.
746 3105 846 3164 mirum
864 3125 932 3164 vero
954 3105 1096 3166 Codinum
1122 3105 1236 3183 syncelli

127 3205 179 3246 seu
193 3189 363 3266 syncellorurn
376 3191 547 3250 mentionem
559 3191 663 3250 nullam
676 3191 791 3268 fecisse,
812 3191 880 3249 dum
892 3190 1053 3268 catalogum
1074 3189 1234 3251 officialium

127 3267 392 3347 magnaeecclesiae
408 3280 531 3352 texeret,
551 3277 605 3334 nisi
624 3277 686 3353 quis
708 3277 784 3337 dicat
806 3276 992 3354 syncellorum
1013 3275 1232 3356 appellationem

128 3375 186 3416 non
200 3358 283 3418 officii
295 3360 347 3417 sed
360 3359 505 3437 digrdtatis
517 3361 611 3421 fuisse.
686 3389 688 3396 ·

56 3492 59 3502 ·
162 3465 163 3469 ¹
197 3473 260 3527 ibid.
296 3471 566 3542 qniprimusomuium
584 3467 728 3542 orlynslioc
751 3472 856 3542 acideo
874 3471 997 3543 temporis
1014 3470 1103 3524 ordine
1120 3488 1229 3538 πρωτο-

129 3537 272 3611 οὖνιιελλος
283 3543 389 3611 legitur,
409 3543 458 3596 fuit
468 3543 616 3598 Anastasius
629 3542 674 3596 ille
688 3542 840 3624 presbyter,
858 3543 901 3597 cui
918 3543 1048 3624 tolerante
1061 3541 1231 3624 Theophane,

128 3611 1231 3743 succurrat.istunc.risunastituecense

121 3751 169 3822 ¹cpi
188 3744 291 3806 iactos
307 3745 452 3819 ouynr'llp.
469 3751 511 3804 bic
527 3760 610 3804 autern
626 3767 682 3804 cnm
700 3698 800 3804 sublicio
818 3767 834 3802 e
851 3749 917 3803 vivis
927 3749 1051 3804 Nestorio
1068 3749 1230 3820 patriarchae

128 3822 276 3890 digmtatem
295 3837 347 3872 nou
371 3821 518 3888 exceperit,
541 3819 602 3876 nibil
628 3819 697 3874 aliud
717 3836 749 3872 eo
772 3817 877 3871 vivente
893 3819 1002 3887 adeptus
1019 3835 1093 3888 qnam
1113 3823 1142 3869 ut
1160 3823 1232 3869 esset

129 3889 261 3943 convictus
285 3889 340 3942 eius
358 3889 502 3960 particeps,
521 3889 611 3942 domus
636 3889 765 3958 cellaeque
781 3905 902 3952 consors,
926 3888 1026 3940 animae
1044 3888 1121 3939 rebus
1139 3885 1166 3937 in
1181 3885 1231 3937 du-

129 3961 177 4013 biis
195 3960 322 4024 director,
337 3957 364 4010 iu
388 3957 472 4010 arduis
497 3957 668 4022 consiliarius,
684 3957 711 4010 iu
735 3955 841 4011 secretis
858 3957 993 4023 conscius,
1011 3972 1041 4007 ac
1059 3954 1182 4006 indiuisus
1203 3953 1232 4008 ln

129 4029 261 4098 prosperis
272 4033 299 4080 et
312 4027 427 4082 adversis
437 4028 530 4080 socius.
548 4029 597 4080 hoc
614 4027 722 4097 primurn
739 4027 813 4096 primi
831 4025 874 4096 qui
890 4025 983 4094 legitur
1000 4023 1231 4104 syncellinmunus3

130 4099 195 4148 haec
204 4103 233 4150 ut
244 4114 305 4150 vera
316 4097 423 4150 nominis
435 4095 580 4166 expositio,
596 4097 742 4179 itapariter
753 4095 832 4148 officii
849 4093 908 4148 finis
925 4101 952 4147 et
967 4091 1090 4176 cognitio,
1098 4109 1232 4176 erupenor.

131 4165 261 4232 lluegrius
276 4165 308 4218 de
318 4166 374 4235 ipso
386 4167 529 4234 syncello6
544 4168 576 4220 2:
597 4183 648 4219 τοο
663 4164 817 4231 Νεστορίοο
834 4159 972 4229 διάπυρος
988 4155 1119 4228 isumus,
1134 4177 1165 4221 ⁰3
1181 4158 1231 4214 καὶ

130 4229 301 4302 σονὲιιᾶημός
318 4230 348 4288 οἷ
363 4231 475 4303 γέγονεν
493 4229 562 4305 πρὸς
579 4229 631 4300 τὴν
648 4229 802 4318 ἐπισκοπῄν
818 4227 978 4298 οἶκοίροντι.
1007 4230 1130 4312 Sperates
1146 4230 1164 4282 7
1179 4231 1228 4284 32:

130 4304 217 4374 συνῆν
240 4300 318 4378 αὐτῷ
337 4299 509 4370 Ἄναοιάοιος
530 4299 728 4376 astutiisque,
756 4319 815 4374 upn
841 4295 917 4376 αὐτῷ
945 4296 976 4355 ἐκ
1002 4316 1052 4368 της
1070 4293 1230 4369 Ἀντιοχείας
