2802 4686
404 283 461 350 ua
488 281 663 352 cuncus
691 284 750 352 cr.
776 283 860 354 car.
885 265 981 353 των.
1183 285 1233 358 rr

21 517 22 526 ,
132 449 295 542 τράπεζαν,
318 454 467 522 tlemus!
476 481 508 522 τε
525 461 676 544 κληρικοῒς
691 453 752 522 ἀπὸ
767 463 822 523 τοῦ
832 457 1007 545 βεστιαρίου
1020 454 1100 524 κατά
1116 455 1234 546 δωρεάν

131 559 263 646 χρυσίου
280 559 385 646 λίτρας
399 556 522 626 ἑκατόν·
548 566 602 625 νῦν
617 561 650 624 δέ
665 560 701 626 οὐ
715 563 825 644 γίνεται
838 567 938 628 τοῦτο.

157 719 163 734 „
233 661 332 730 ,Κατὰ
355 661 410 744 τὴν
424 662 560 745 πέμπτην
574 657 691 749 ἡμέραν
709 669 763 746 τῆς
783 661 956 746 ἑβδομάδος
969 662 1006 747 ἢν
1020 669 1147 728 καλοῦσι
1163 665 1233 728 δια-

136 758 328 848 καινήσιμον,
354 763 514 850 ἀπέρχεται
537 761 555 852 5
575 763 764 852 πατριάρχης
785 769 829 844 εἰς
850 765 885 830 τὸ
909 763 1055 831 παλάτιον
1073 765 1152 846 μετὰ
1172 773 1233 832 τῶν

110 865 301 954 6ἀρχιερίων
318 870 371 932 καί
386 875 447 932 τῶν
465 874 520 952 τῆς
533 869 691 952 ἐκκλησίας
707 865 871 955 ἀρχόντων,
898 867 941 934 έτι
956 893 988 934 τε
1003 870 1053 932 καὶ
1068 874 1127 932 τῶν
1146 867 1234 956 ἀρχι-

132 972 310 1055 μανδριτῶν
328 973 379 1036 καί
401 967 584 1056 ἡγουμένων.
637 969 781 1037 ἀλλάσσει
801 977 874 1056 γοῦν
888 973 939 1036 καὶ
955 969 1072 1059 έρχεται
1089 970 1165 1058 πρὸς
1179 972 1233 1037 τὸν

19 1128 20 1132 ,
130 1073 281 1156 βασιλέα,
310 1071 469 1158 ἱστάμενον
493 1071 590 1162 sipoto
611 1077 653 1152 εἷς
672 1073 725 1140 τὸν
746 1072 861 1162 θρόνον
883 1073 988 1140 αὐτοῦ.
1040 1072 1183 1162 ἄρχοντες
1199 1075 1232 1140 δέ

132 1182 299 1259 τηνικαῦτα
312 1177 348 1242 oei
363 1175 511 1264 πάρεισιν,
533 1176 610 1244 ὥστε
623 1174 697 1244 εἶναι
710 1175 911 1265 παράστασιν.
959 1180 1100 1243 ’ίσταντοιι
1115 1177 1149 1242 dd
1161 1177 1230 1244 ἀντ’

132 1278 236 1346 adenis
251 1283 284 1344 οἵ
295 1305 327 1346 τε
342 1279 506 1368 ἀρχιερεῖς,
531 1277 573 1357 ὥς
587 1279 713 1368 εἴρηται,
738 1283 788 1348 καὶ
805 1281 834 1346 οἳ
847 1288 902 1366 τῆς
917 1282 1076 1365 ἐκκλησίας
1089 1277 1232 1368 άρχοντες
1247 1295 1271 1349 Ρ
1289 1297 1338 1348 108

92 1397 127 1450 10
133 1383 204 1464 μετ’
222 1381 323 1448 ἀλλων
337 1373 381 1449 ὧν
392 1385 521 1467 εἴπομεν.
551 1389 653 1475 θυμιᾷ
667 1385 767 1450 τοίνυν
782 1381 798 1450 5
813 1382 1002 1472 πατριάρχης
1015 1384 1071 1450 τὸν
1083 1385 1231 1464 βασιλέα·

134 1482 199 1550 εἶτα
214 1485 268 1552 τὸν
285 1487 341 1569 μέν
361 1487 516 1570 θυμιατὸν
536 1489 645 1552 δίδωσι
666 1495 710 1575 τῷ
732 1487 950 1578 ἀρχιδιαιιόνιρ,
977 1485 1068 1564 αὐτὸς
1083 1487 1118 1550 δέ
1131 1510 1230 1575 προσ-

133 1586 295 1674 ερχάμενος
304 1589 483 1675 εάλογεῖκαί
500 1587 664 1669 ἀσπάζεται
679 1590 732 1656 τὸν
747 1593 876 1673 βασιλέα
890 1595 922 1658 ἓν
934 1596 979 1680 τῷ
992 1587 1131 1672 στόματι,
1154 1591 1228 1656 ἀντ-

132 1689 343 1775 ασπαζόμενος
357 1691 438 1760 οὕτω
452 1695 502 1758 καὶ
517 1691 609 1770 αὐτὸς
623 1695 708 1779 παρὰ
720 1702 776 1760 τοῦ
788 1696 948 1775 βασιλέως.
998 1693 1076 1775 μετά
1090 1694 1124 1756 δέ
1136 1699 1226 1760 τοῦτο

133 1789 151 1857 5
167 1795 224 1876 μέν
238 1791 427 1882 πατριάρχης
437 1797 561 1861 ’ἵσταται
574 1799 701 1880 πλησίον
714 1797 823 1875 αὐτοῦ,
846 1797 875 1861 οἳ
890 1797 923 1862 d'
938 1795 1085 1882 ἀρχιερεῖς
1100 1793 1227 1882 ἐρχόμε-

90 1911 123 1966 ¹6
133 1921 182 1960 νοι
197 1895 276 1960 κατὰ
293 1893 348 1962 doio
364 1895 548 1978 ἀσπάζονται
561 1901 612 1964 καὶ
629 1889 713 1964 οὗτοι
727 1899 779 1964 τὸν
792 1900 939 1982 βασιλέα,
969 1905 1088 1984 πρῶτον
1103 1899 1158 1979 μὲν
1172 1899 1228 1981 τὴν

124 2007 231 2085 χεῖρα,
258 1994 322 2062 εἶτα
335 1999 391 2083 τὴν
405 1998 540 2087 παρειάν.
590 2001 699 2088 ἐφεξῆς
714 2002 747 2066 δέ
762 1999 869 2080 πάντες
883 2001 912 2066 οἳ
926 2000 1070 2090 ῥηθέντες
1086 1998 1229 2083 ἀρχοντες

130 2108 189 2184 τῆς
204 2102 365 2184 ἐκκλησίας
381 2102 618 2190 ἀρχιμανδρῖταί
635 2128 667 2169 τε
688 2105 748 2183 καὶ,
761 2099 921 2189 ἡηοάμενοι
942 2101 977 2168 τὸ
1002 2101 1075 2168 αὐτὸ
1098 2109 1229 2169 ποιοῦσι.

131 2204 328 2282 τελεσθέντος
353 2206 386 2270 δέ
411 2204 522 2274 τούτου
543 2203 559 2272 ὃ
581 2206 637 2289 μέν
662 2201 852 2293 πατριάρχης
873 2205 963 2290 εάχὴν
982 2204 1110 2272 iuranda
1135 2197 1267 2286 αὖθιςΒ

131 2307 313 2396 ἀπέρχεται,
334 2305 349 2374 5
368 2309 401 2374 dd
413 2309 560 2391 βασιλεὺς
576 2309 739 2414 είσέρχεται
756 2312 798 2386 είς
812 2309 846 2376 τὸ
860 2311 976 2378 κέλλιον
991 2309 1095 2374 αὐτοῦ.

90 2425 126 2480 20
231 2410 283 2476 Ἕν
301 2417 340 2498 τῇ
357 2417 412 2477 τοῦ
435 2409 522 2497 ἁγίου
541 2404 816 2500 πνεάματοςὲορτῇ
833 2423 927 2500 φορεῖ
945 2409 1035 2476 πάλιν
1051 2408 1067 2478 ὃ
1081 2410 1227 2494 βασιλεάς

131 2509 212 2580 κατά
227 2538 260 2599 γε
275 2513 329 2580 τὸν
344 2511 500 2603 ἕσπερινὸν
521 2517 573 2580 καὶ
595 2513 650 2597 τὴν
671 2518 856 2604 λειτουργίαν
878 2517 948 2582 clud¹
961 2522 1021 2581 τῶν
1044 2513 1227 2604 φορεμάτων
1289 2544 1293 2554 ’

131 2616 227 2684 αὐτοῦ
242 2617 282 2683 τά
296 2617 373 2706 πρὸς
383 2614 574 2703 βουλήσεως,
600 2613 746 2696 ὡσαύτως
766 2622 817 2684 καί
841 2619 871 2685 οἶ
889 2618 1031 2708 ἀρχοντες
1046 2617 1084 2682 τά
1100 2615 1226 2684 ἑαυτῶν.

198 2777 225 2836 8⁷
234 2779 299 2847 τῆς,
324 2771 362 2847 ἣν
385 2773 554 2846 ὀνομάζουσι
578 2775 788 2850 διαυαινήσιμον
813 2775 1009 2850 ἑβδομάδοςΒ
1112 2775 1224 2840 esus
1265 2776 1268 2788 '

202 2852 238 2908 10
252 2841 325 2917 μεθ’
340 2839 381 2902 οἶν
394 2843 486 2905 ἄλλων
504 2849 617 2916 εἴπομεν
632 2851 655 2903 Β
767 2849 799 2905 15
813 2847 865 2918 μὲν
886 2849 927 2910 εἰς
947 2845 1001 2915 τὴν
1022 2847 1060 2916 Α,
1085 2845 1136 2912 μὲν
1151 2843 1226 2916 πρὸς

198 2915 294 2987 τὴνΒ
397 2919 430 2973 16
442 2913 581 2987 πρὸςτήν
597 2913 717 2988 παρειάν
732 2918 778 2974 ΑΒ
880 2921 915 2974 22
929 2915 1102 2988 βοάλησινΡ

128 3054 223 3110 stiario
241 3071 289 3110 seu
305 3054 407 3109 aerario
424 3071 471 3108 suo
489 3062 591 3110 centum
609 3057 690 3111 libras
709 3057 766 3110 auri
784 3053 929 3110 liberaliter
951 3053 1020 3109 dono
1037 3053 1121 3110 daret.
1156 3069 1225 3109 nunc

130 3141 186 3180 mas
204 3124 257 3178 iste
273 3125 351 3179 desiit
368 3142 426 3178 esse
443 3124 471 3176 in
487 3143 571 3178 more.

198 3193 279 3247 Ferie
295 3194 387 3262 quinta
404 3194 571 3248 hebdomadis
588 3211 664 3264 quam
690 3212 705 3247 a
730 3193 903 3247 renovatione
920 3187 1132 3258 ὃιοαιαινήσιμον
1147 3193 1222 3246 voci-

129 3267 204 3337 tant,
228 3263 325 3332 recipit
349 3281 379 3315 se
397 3263 545 3333 patriarcha
563 3281 619 3318 cum
637 3262 768 3345 episcopis
786 3269 814 3316 et
829 3261 937 3330 reliquis
957 3261 1083 3314 ecclesiae
1100 3261 1225 3332 primori-

129 3333 194 3399 bus,
219 3331 371 3402 insaporet
389 3350 446 3386 oum
464 3333 674 3386 archimandritis
691 3339 719 3385 et
735 3334 948 3385 monasteriorum
965 3331 1107 3398 praelectis
1123 3332 1157 3383 ad
1173 3350 1223 3402 pa-

128 3399 229 3454 latium.
264 3418 351 3454 sacres
369 3400 451 3468 igitur
466 3402 574 3456 assumit
591 3401 741 3470 patriarcha
757 3409 861 3469 vestes,
881 3406 907 3453 et
924 3401 957 3454 ad
974 3399 1158 3469 imperatorem
1176 3418 1224 3453 ve-

129 3471 178 3538 nit,
196 3475 308 3523 stantem
324 3471 353 3523 in
368 3470 463 3523 throno
478 3488 537 3523 suo.
571 3487 695 3542 proceres
713 3468 791 3522 aulici
809 3477 871 3523 tunc
888 3487 940 3523 non
957 3470 1053 3522 adsunt
1068 3485 1153 3536 neque
1170 3471 1224 3522 cir-

129 3546 274 3604 cumstent3
296 3539 345 3592 sed
362 3555 450 3592 eorum
464 3538 548 3592 locum
564 3539 687 3610 supplent
705 3537 839 3609 episcopi,
857 3546 886 3592 ut
901 3537 1027 3604 diximus,
1053 3546 1080 3590 st
1096 3535 1225 3592 ecclesiae

127 3608 257 3678 primores
275 3624 332 3660 curn
349 3607 421 3674 aliis,
439 3607 472 3660 de
489 3609 583 3676 quibus
597 3609 648 3661 iam
665 3607 772 3660 dictum.
807 3608 926 3660 incensat
942 3605 1093 3677 patriarcha
1110 3607 1224 3678 impera-

127 3685 226 3745 torem,
245 3677 341 3730 deinde
358 3675 439 3729 tradit
455 3675 595 3732 turibulum
613 3677 807 3730 archidiacono.
841 3677 901 3746 ipae
916 3693 980 3730 vero
998 3676 1124 3728 accedens
1140 3677 1225 3730 bene-

127 3746 194 3800 dicit
207 3755 236 3800 et
251 3744 383 3800 osculatur
397 3745 579 3815 imperatorem
596 3746 625 3799 in
642 3763 703 3811 ore3
719 3747 862 3814 eodemque
879 3746 954 3799 modo
971 3745 1024 3798 fert
1038 3746 1096 3815 ipse
1110 3745 1225 3799 osculum

128 3817 162 3868 ab
186 3816 356 3886 imperatore.
391 3823 485 3883 postea
515 3814 666 3884 patriarcha
693 3822 747 3868 stat
778 3815 880 3867 vicinus
908 3814 1069 3884 imperatori.
1105 3813 1224 3886 episcopi

128 3901 209 3956 porro
227 3887 278 3938 duo
296 3881 371 3937 simul
387 3885 543 3938 accedentes
561 3883 710 3938 osculantur
727 3891 755 3936 et
770 3882 823 3954 ipsi
836 3883 1027 3954 imperatorem,
1045 3883 1155 3954 primum
1167 3881 1228 3953 qui-

128 3955 188 4008 dem
205 3969 323 4022 manum,
349 3952 446 4005 deinde
463 3970 564 4022 genam.
600 3963 693 4023 postes
709 3952 778 4006 idem
795 3953 895 4008 iaciunt
913 3969 1000 4006 omnes
1018 3953 1144 4006 ecclesiae
1161 3969 1226 4022 pro-

129 4041 213 4091 ceres,
230 4021 447 4079 archimsndritae
464 4022 542 4076 etiam
560 4029 587 4075 et
603 4022 818 4076 monasteriorum
826 4021 974 4145 praefecti.
997 4022 1093 4090 quibus
1110 4021 1225 4089 perseus

127 4091 279 4175 patriarche
300 4091 478 4162 precationem
503 4108 604 4146 sacram
626 4092 804 4163 superaddens
845 4092 949 4146 iscedit.
983 4089 1125 4160 imperator
1149 4105 1224 4142 suum

126 4178 155 4216 ru
173 4161 298 4215 conclave
312 4179 343 4214 se
361 4161 472 4214 coufert.

195 4230 229 4284 In
245 4232 313 4284 festo
331 4230 414 4284 sancti
431 4227 541 4298 spiritus
557 4229 642 4283 induit
657 4230 751 4282 iterum
768 4227 911 4298 imperator
928 4225 955 4277 in
970 4221 1089 4292 vesperis
1106 4225 1134 4274 et
1146 4221 1224 4276 litur-

126 4299 173 4370 gia
189 4317 224 4354 ex
240 4299 295 4354 suis
316 4298 504 4369 gestaminibus
522 4314 554 4352 ea
571 4316 639 4370 quae
657 4296 739 4352 v’olet.
775 4296 895 4357 similiter
911 4309 1036 4364 proceres
1054 4305 1158 4360 quoqne
1175 4307 1223 4360 ge-
