2802 4686
481 278 528 346 IN
553 277 699 348 conlui
718 269 802 346 CAP.
828 279 856 346 I.
1084 355 1087 364 ,
1146 281 1216 356 193

122 443 255 506 absolute
267 443 439 521 ισοολλστίιιι,
460 447 585 527 eoquod
601 452 680 506 curat
693 452 753 506 tarn
768 448 888 506 vitonum
908 465 992 524 quarn
1009 447 1145 529 virginum
1155 467 1216 510 mo-

122 533 252 593 nasteria.
293 535 388 590 minori
407 531 512 590 ισοοίλιό
536 532 633 590 tribuit
655 533 822 608 Balsamon,
842 534 872 590 in
888 552 940 590 sua
960 533 1161 610 disceptatione
1180 535 1218 594 de

123 615 353 695 chartophylace,
373 617 456 694 etiam
473 635 567 676 curam
590 623 619 675 et
638 618 904 679 administrationem
926 618 1153 695 emphyteusium
1178 621 1218 678 ait

123 704 213 762 enim:
242 699 436 764 όοοικελλίου
453 701 606 780 praefectur
624 704 716 764 socelli
739 723 832 762 curam
858 704 935 778 gerit
958 707 1019 764 τοῖν
1041 709 1218 766 sauciando

122 786 300 864 ἐκκλησιῶν,
322 787 513 846 catholicarum
529 787 695 848 ecclesiarum
711 785 820 868 (inepte
843 789 980 866 interpres
1001 788 1167 848 caelatorum
1187 794 1218 848 ιἰι

121 891 229 948 gerrem
251 890 333 948 quem
349 891 469 932 errorem
488 891 546 932 non
559 873 643 932 semel
661 872 765 954 errat),
786 868 863 955 πρός
881 869 914 936 di
936 871 986 934 καλ
1010 867 1218 956 ἔμφντιόσιοιν

121 952 179 1038 την
195 957 354 1035 διοίκησιν.

191 1069 275 1138 Regia
293 1069 326 1122 de
346 1069 445 1152 sacellq
458 1069 606 1141 praeposito
622 1085 652 1123 ac
670 1067 725 1122 eins
741 1067 925 1139 appellativum
956 1063 972 1123 ό
991 1069 1135 1124 σακελλίου
1161 1071 1218 1124 τῶν

122 1141 284 1224 καθολικοξν
314 1134 462 1226 όκκλησιον
497 1136 545 1191 καλ
580 1139 635 1224 τόν
671 1133 861 1224 ίμφυτεόσεων
891 1132 944 1206 τὴν
976 1139 1113 1224 διοίκησιν
1145 1135 1216 1223 ἔχει·Ι

122 1210 205 1265 σακελ
239 1225 292 1276 quo
317 1225 397 1276 παρα
428 1204 576 1278 Ῥωμαίοις
595 1226 628 1261 το
661 1206 778 1261 όισιιιειν
804 1201 858 1260 tori
886 1206 934 1260 καλ
962 1211 1124 1274 φυλασσειν·
1160 1205 1218 1261 nino

122 1273 225 1330 τοότου
237 1273 442 1346 μετωνόμασται
453 1273 569 1346 σακίλλη
586 1273 605 1344 ἡ
626 1270 691 1337 codo
708 1270 881 1358 aanovqyoqie
897 1276 1093 1344 patrimonica,
1118 1275 1166 1330 καλ
1182 1271 1216 1330 τό
1318 1303 1320 1312 r

121 1342 295 1401 σακκοόλιον.
331 1345 613 1400 Allatianadaeodenr:
639 1340 824 1408 ὁσακελλίον,
850 1362 920 1398 οταν
936 1341 1112 1414 λειτουρνεῖό
1126 1341 1215 1416 ἀρχισ-

124 1412 204 1484 ρτύς,
224 1410 428 1484 λστόμενοςκαλ
442 1407 698 1485 noctemandato
713 1409 814 1484 βήματι
831 1410 870 1476 είς
886 1407 1039 1482 ὑπηρεσίαν
1057 1416 1107 1466 τοῦ
1123 1409 1216 1486 diopre-

123 1480 202 1550 os'orc.
237 1481 306 1552 ἔχων
325 1479 357 1536 δὲ
376 1479 568 1538 termemeno
585 1483 641 1536 τόν
658 1482 821 1550 γυναικείαν
839 1484 1031 1551 μονοιστηρίων
1049 1479 1148 1554 ἐρευνᾷ
1166 1481 1217 1536 καλ

123 1547 455 1619 decoramentum&
475 1547 600 1618 τὴντῶν
620 1547 637 1604 oi
656 1551 705 1604 ίαν
722 1547 851 1606 κανόνων
869 1546 1022 1622 ἀκρίβειαν.
1055 1553 1164 1618 κρατῶν
1182 1547 1217 1604 δὲ

123 1617 253 1707 φυλακην
266 1623 315 1690 τῆς
333 1615 475 1689 ἐκκλησίας
493 1618 541 1674 καλ
556 1614 621 1682 τούς
631 1569 662 1673 όν
674 1621 784 1690 φυλακῇ
801 1615 1052 1689 ἀποστελλομένους
1068 1618 1145 1689 τιαρολ
1164 1619 1217 1674 τοῦ
1242 1667 1246 1674 .

121 1707 283 1757 αρχιερεοος,
311 1691 420 1753 κρατῶν
443 1685 554 1750 αὐτούς.
599 1688 727 1756 elucidant
748 1689 812 1742 haec
832 1689 957 1740 Simeonis
980 1689 1216 1744 Thessalonicensis

123 1761 218 1810 verbaa
237 1753 252 1810 ό
266 1758 409 1812 σακελλίοσ
422 1760 477 1810 τῶν
491 1753 597 1826 stasne
608 1757 695 1810 οίκτον
706 1752 778 1809 κατολ
790 1753 842 1824 τὴν
853 1751 933 1811 πόλίν
952 1757 1080 1823 όιερεονοῖ
1098 1758 1146 1811 καλ
1163 1758 1214 1824 τῆς

120 1821 154 1880 ἐν
167 1821 263 1886 αὐτοῖς
275 1819 430 1892 ἐπιμέλεται
446 1822 589 1910 εὐταξίας,
612 1825 659 1878 καὶ
672 1825 782 1910 ,μᾶλλον
801 1821 832 1879 ἐν
851 1826 891 1897 τῷ
908 1809 1097 1896 θυσιαστηρίῳ
1119 1823 1215 1880 τεκαὶ

122 1895 168 1962 τῷ
179 1892 299 1963 βήματι,
316 1889 354 1962 μή
371 1911 438 1947 ποτε
457 1891 505 1946 καλ
515 1911 591 1960 παρα
602 1889 635 1946 τό
646 1894 713 1948 dccv
724 1893 769 1962 είη
780 1890 928 1962 γευόμενον
936 1892 985 1946 καὶ
994 1890 1030 1946 τό
1043 1890 1103 1960 ίερσλ
1115 1889 1216 1962 ἀμελῆ-

122 1980 183 2026 ται.
218 1979 251 2014 ex
267 1962 306 2014 his
321 1962 372 2015 τοό
384 1963 528 2016 σαπελλίου
540 1961 645 2016 nominis
660 1961 722 2016 duas
742 1963 854 2015 rationes
866 1963 969 2029 collige,
987 1964 1168 2032 primumquod
1186 1969 1217 2013 ut

122 2029 274 2087 sacellarius
287 2031 443 2084 muliebrium
460 2029 680 2098 monasteriorum,
699 2031 739 2083 ita
749 2030 797 2084 .hic
807 2032 915 2085 virilium
933 2032 998 2082 bona
1016 2032 1154 2096 custodiat,
1177 2030 1217 2082 oi-

122 2108 207 2154 teram
227 2099 294 2168 quod
314 2099 506 2169 patriarchalem
530 2115 667 2168 carcerem,
685 2095 940 2166 σακκέληνσαιιὲλιν
959 2096 1154 2152 νολσακέλλιον
1176 2099 1217 2150 di-

123 2177 210 2234 cturo,
225 2169 273 2222 sub
284 2185 331 2222 sua
347 2168 513 2238 dispositione
523 2173 621 2220 teneat
655 2169 789 2236 Balsamoq
807 2167 897 2225 Medit.
907 2168 939 2220 da
951 2169 1085 2238 chartoph.
1108 2177 1136 2222 et
1156 2185 1217 2238 pro-

122 2239 191 2292 tecd,
209 2237 256 2292 λλ
273 2238 340 2290 Iuris
358 2237 425 2290 GR:
442 2231 547 2290 τσότόν
563 2229 636 2290 ἐστιν
647 2233 737 2290 εἰπεῖν
755 2235 882 2306 φύλακα,
907 2234 1085 2302 σακελλοίριον
1102 2235 1151 2290 καλ
1167 2233 1218 2289 τόν

122 2303 274 2364 σακελλίον.
295 2301 386 2368 ’παρὰ
398 2301 450 2374 peip
458 2301 605 2374 Ῥωμαίοις
620 2301 652 2359 τό
671 2301 813 2359 υακίλλιον
829 2299 908 2371 παρολ
925 2300 959 2358 τό
976 2304 1106 2374 διοικεῖν,
1132 2302 1180 2360 καλ
1197 2301 1218 2376 ἦ

121 2371 189 2437 τοὺς
206 2372 379 2444 κακουρμοὺς
395 2369 573 2440 φυλάττουσα
591 2369 776 2444 πατριαρχικὴ
796 2370 914 2442 σακίλλη
940 2367 1071 2429 ἐντεῦθεν
1091 2371 1141 2428 καί
1167 2369 1219 2428 οὐκ

122 2441 244 2500 ἄλλοθεν
255 2442 478 2512 μετωνόμασται,
496 2437 585 2509 ὥσπερ
602 2438 634 2494 al
651 2442 700 2496 καλ
717 2439 749 2496 τό
764 2439 923 2496 σακοόλιον.
959 2439 1064 2512 λέγεται
1083 2443 1151 2512 γοῦν
1168 2459 1218 2498 cor-

122 2506 265 2579 κελλόριος
276 2509 290 2565 ό
303 2514 358 2580 erio
369 2512 561 2580 μοναστηρίων
572 2509 729 2580 declamata,
748 2507 824 2566 καλό
844 2511 985 2564 σακελλίου
1003 2507 1219 2580 ὑποκοριστικῶς

122 2579 207 2637 droia
225 2575 544 2650 καθολικιόνίκπλησιῶν
554 2581 728 2650 φροντιστής.
764 2595 886 2649 nusquam
903 2579 988 2650 itaque
1004 2575 1054 2634 τόν
1073 2582 1218 2634 σακελλίου

123 2651 244 2704 nrinorern
256 2651 414 2704 sacellarium
426 2650 611 2716 affirmaveris,
630 2650 673 2720 qui
684 2650 791 2703 maiores
803 2649 871 2718 regit
884 2649 1018 2716 ccclesias,
1040 2667 1089 2704 nec
1105 2651 1219 2704 sacella-

123 2719 157 2776 rii
172 2720 293 2790 potestati
313 2719 442 2774 subiectus
458 2717 628 2791 dignoscitur,
651 2719 693 2772 cui
710 2719 770 2772 licet
784 2719 841 2772 ioco
862 2718 938 2772 cedat
956 2719 1109 2786 (monastica
1124 2719 1232 2788 quippe,

123 2788 256 2844 sacellario
274 2789 417 2852 commissa,
440 2792 467 2840 et
485 2788 535 2842 alia
550 2787 657 2857 qnaeris
676 2787 710 2841 ud
729 2788 865 2840 monachos
882 2787 1023 2858 spectantia
1042 2805 1136 2840 summo
1148 2790 1219 2840 cultu

123 2858 286 2929 prosequitur
302 2857 430 2910 orientalis
442 2856 563 2924 ecclesia)
578 2874 628 2909 non
641 2861 746 2909 veretur
759 2855 945 2919 auctoritatem,
963 2863 990 2908 et
1001 2857 1075 2910 ambo
1086 2875 1118 2910 cn
1136 2873 1217 2926 aequo

123 2925 293 2998 patriarcham
303 2927 355 2980 suis
366 2926 494 2996 obsequiis
511 2927 597 2980 colunt
608 2932 635 2981 et
645 2925 670 2978 ei
680 2926 706 2978 in
717 2926 773 2978 iure
786 2923 894 2978 dicundo
907 2925 1028 2981 assident.
1063 2925 1121 2994 (Μι
1140 2920 1155 2980 ὁ
1166 2942 1216 2978 σα-

124 2995 219 3050 κελίου
238 2989 310 3048 ίστλν
329 2991 439 3064 οἰκέτης
460 2995 511 3061 τῆς
528 2994 640 3064 πρώτης
657 2991 810 3061 πεντάδος,
831 2993 941 3061 κρατῶν
958 2992 1007 3049 καὶ
1023 2987 1217 3063 crispeiensis

122 3064 175 3134 τῆς
185 3058 355 3131 ἐπισκοπῆς,
372 3061 441 3133 ἔχων
454 3054 505 3118 σόν
520 3063 569 3120 καλ
588 3057 619 3118 όν
636 3064 673 3135 τῇ
688 3059 830 3135 ἐπισκέψει
849 3057 938 3118 uisuri
954 3063 1009 3118 τῶν
1024 3063 1218 3134 μοναστηρίαν

122 3129 479 3203 νυναικείσιντήυσκόμιν.)

193 3241 250 3313 pm
271 3260 299 3296 v.
322 3245 347 3297 8.
381 3235 432 3306 τός
448 3237 603 3304 unitationis
619 3238 770 3312 ἐκκλησίας]
797 3241 909 3296 virorum
929 3243 1079 3296 monasteria
1098 3247 1125 3296 et
1140 3243 1167 3298 in
1180 3243 1218 3296 eis

125 3316 288 3366 constructae
298 3311 420 3364 ecclesiae
436 3312 499 3364 viris
514 3319 626 3376 tantum,
648 3311 778 3366 mulierum
798 3310 944 3366 mulieribus
960 3319 1020 3364 sunt
1035 3318 1149 3381 apertae.
1185 3330 1219 3366 aa

124 3397 188 3435 vero
206 3379 315 3432 ecclesia
328 3379 466 3449 quaeriris
479 3381 673 3446 etmulicribus,
693 3380 782 3451 quales
803 3387 861 3434 sont
884 3381 1032 3450 paroeciae,
1056 3387 1143 3450 patet,
1165 3399 1215 3434 κα-

124 3445 287 3517 θολικήεει.
322 3448 493 3500 auctorvitae
511 3449 564 3502 Nili
586 3449 704 3502 iunioris=
731 3447 797 3521 βόλε
816 3444 888 3502 αὐτοὶ
907 3443 938 3502 ἒν
956 3451 991 3518 τῇ
1009 3450 1150 3519 καθολικῇ
1166 3447 1218 3502 rod

122 3516 256 3586 κόστρου.
290 3517 417 3586 interpres
426 3517 510 3588 posuit
523 3520 705 3572 cathedralem.
739 3535 827 3571 verum
843 3535 892 3570 non
904 3518 1062 3571 cathedrales
1074 3519 1158 3583 modo,
1170 3519 1218 3572 sed

126 3595 152 3640 et
171 3586 307 3656 paroeciae
325 3587 431 3638 maxime
451 3587 608 3640 monasteriis
627 3594 803 3658 opponuntur:
836 3585 972 3640 catholicas
991 3593 1074 3640 autem
1097 3588 1217 3640 ecclesias

126 3654 284 3710 monasteriis
293 3656 403 3724 opponit
419 3655 553 3708 Baisamon
571 3656 669 3708 iamiam
686 3656 783 3720 iectus,
804 3656 872 3726 quod
895 3657 958 3708 haec
969 3657 1064 3709 sacellii
1095 3659 1219 3725 raelecto,

125 3726 181 3778 illas
199 3725 260 3792 (etsi
276 3725 357 3778 minus
374 3724 483 3792 nobiles)
502 3741 547 3778 cen
564 3727 722 3794 praetectum
741 3725 896 3794 superiorem
908 3733 996 3779 nactas
1012 3674 1144 3778 saceliario
1156 3728 1219 3779 sub-

126 3793 206 3848 iectas
219 3801 326 3847 asserat.
361 3802 419 3846 sunt
436 3793 523 3862 itaque
542 3795 683 3846 catholicae
701 3795 823 3847 ecclesiae
848 3795 949 3848 eaedem
971 3811 1036 3863 quae
1053 3795 1220 3863 paroeciales,

127 3879 181 3915 cum
192 3863 330 3934 pleraeque
341 3862 484 3916 huiusmodi
500 3862 659 3946 reperiantur
674 3863 700 3915 in
711 3865 775 3916 urbe
786 3864 846 3926 ΟΡ,
863 3865 1015 3916 cathedralis
1026 3865 1113 3929 unica,
1130 3881 1222 3931 magna
1269 3871 1271 3876 ’

126 3932 240 3984 nimirum
266 3931 383 3986 ecclesia.
419 3931 549 3984 catholicus
565 3937 591 3985 et
609 3933 753 3985 monasticis
772 3932 886 3986 ecclesiis
907 3934 1022 4000 adiungit
1040 3933 1084 3984 lus
1103 3932 1155 3985 GR
1175 3932 1220 3986 iol.

126 4001 177 4054 255
195 3996 355 4068 adurqolooe
366 4000 474 4065 οἴκους,
493 4000 615 4054 ecclesias
633 4003 746 4054 nimirum
764 4019 813 4054 non
824 4001 955 4056 dedicatas
971 4011 998 4055 et
1008 4003 1050 4053 vel
1061 4002 1087 4053 in
1099 4001 1167 4068 agris
1178 4000 1221 4051 vel

124 4069 153 4120 in
169 4069 273 4121 urbibus
286 4069 383 4123 cunctis
401 4069 518 4140 pervias,
542 4075 571 4121 at
587 4070 724 4155 paroeciae
741 4070 797 4123 iure
820 4070 950 4140 privatas:
976 4063 1030 4124 κόν
1048 4065 1221 4136 μοναστήρια

129 4126 178 4189 ὦσι
190 4129 244 4189 κόν
256 4133 393 4205 ἐκκλησίαι
406 4136 624 4192 notatissimo
636 4134 774 4206 είοιτήριοι
786 4133 869 4192 οῖκσι.
904 4141 1011 4192 adverte
1023 4137 1119 4188 demum
1131 4143 1221 4187 aucto-

124 4222 179 4258 rem
198 4207 339 4260 Balsamoni
361 4207 456 4260 socium
473 4213 525 4260 tarn
542 4207 653 4260 virorum
668 4224 742 4278 quarn
765 4209 893 4261 mulierum
912 4205 1066 4261 monasteria
1081 4203 1222 4270 sacellario,

125 4291 268 4330 mmmunes
284 4293 347 4331 vero
361 4277 484 4332 ecclesias
502 4277 546 4330 ΟΡ
570 4283 686 4350 repertas
710 4277 797 4332 sacelli
813 4279 944 4348 praefecto
963 4272 1219 4344 regendaetribucre,
