2798 4690
504 289 551 361 IN
578 287 728 362 CODlNl
755 290 840 362 GAP.
867 287 928 362 Vl.
1195 291 1268 362 291

235 454 564 526 Alurtinienencceptam
589 449 752 522 καιδπιραν
778 451 836 508 eius
860 451 1010 508 numismata
1034 451 1190 524 mentique
1216 458 1272 510 ste-

150 531 268 588 ,tuarum
291 533 468 593 monumenta,
490 527 513 579 si
534 541 601 598 quae
621 523 763 596 supersint,
781 522 885 594 scriptis
901 522 993 576 elarius
1010 521 1161 576 edocebunt.

200 607 203 612 ’
250 615 315 678 ibid.
329 635 382 696 pro
397 609 561 694 δπέριερον
587 611 705 675 libenter
726 609 848 690 legerem
869 607 1062 696 ὑπέρπικρον,
1098 615 1132 670 ut
1161 610 1200 670 ςῑρ
1220 628 1272 690 ge.

167 704 278 762 stamen
293 701 393 780 capitis
411 699 501 758 instar
513 700 586 778 ignis
600 701 754 758 fimens.

236 793 396 864 καλύπτρας
426 795 502 848 huius
536 811 627 848 nomen
651 792 766 848 innuisse
796 795 824 847 et
851 790 960 862 figuram
993 796 1200 862 repraesentasse
1231 791 1274 846 vi·

168 867 244 922 detur
270 867 402 920 cedrenus
426 864 586 918 iu'anilior
610 857 739 932 στεφάνῳ
768 861 861 932 χρυσῷ
883 858 974 928 λόφον
995 853 1155 928 deprimendas
1182 859 1272 930 ἔρροντι

168 931 369 1007 ἐθριάμβευσεν
385 926 617 1002 ἐστεφανωμένος.
639 926 802 998 ὑπέρκορον
824 930 958 999 legendum
981 930 1098 999 suggerit
1122 931 1273 986 Gretserus.

168 1023 220 1060 non
237 1007 343 1074 ignare,
360 1021 401 1056 rne
418 1003 527 1055 hercule.
545 1002 608 1070 legit
624 1002 690 1054 enirn
706 999 771 1054 idam
784 999 906 1052 Ceresius
917 999 977 1051 duur
988 999 1120 1052 rescribit:
1136 993 1169 1053 πδ
1187 994 1272 1068 ὑπέρ-

169 1074 389 1142 ncpos'tegimen
409 1079 450 1124 est
467 1070 573 1140 capitis,
590 1069 690 1128 hostilis
706 1068 835 1136 sanguinis
851 1066 998 1122 effundendi
1016 1085 1105 1136 omen,
1118 1069 1183 1138 regii
1200 1070 1273 1120 luro-

170 1145 207 1198 ris
232 1144 258 1196 in
281 1140 443 1210 adrersnrios
469 1138 610 1208 profecturi
635 1138 748 1208 signnm,
774 1137 865 1191 eximia
888 1153 1001 1216 purpura
1022 1137 1149 1202 fucatum,
1174 1155 1225 1207 quo
1243 1155 1273 1190 as

134 1233 136 1235 ·
170 1213 203 1266 im
223 1218 337 1264 crateres
354 1209 396 1264 vel
413 1209 474 1262 belli
491 1214 605 1278 ternpore
621 1207 664 1260 vel
680 1205 780 1275 inipso
797 1203 918 1258 conflictu
936 1205 1065 1259 velebant.
1083 1204 1144 1258 illud
1161 1207 1274 1260 fortasse

170 1297 279 1365 πορσρς
300 1279 399 1362 nomine
416 1277 524 1362 Nicetps
549 1275 633 1398 volpzit
653 1275 778 1359 iptelligi,
801 1273 847 1358 ubi
862 1274 895 1328 de
908 1275 1078 1398 tumultuaria,
1093 1276 1275 1396 Andronioipn

170 1351 458 1558 ἐξίίξιξίΐζιὲἵξίίλξ
478 1349 881 1502 ξίίίίμιιῖίιιίῖιίίίῖί
897 1349 1080 1482 biblii,
1097 1361 1274 1484 {tibist

186 1504 234 1552 ,οισι
253 1505 316 1557 ικην
344 1504 360 1538 ν
393 1500 465 1538 υσαν
481 1501 581 1553 erepet.
631 1537 635 1552 ,

256 1573 467 1633 Gestaminibus
482 1590 560 1648 -quae
578 1573 730 1651 imperator
748 1571 804 1629 fert
823 1571 853 1630 in
875 1572 984 1652 capite,
1005 1572 1079 1632 addc
1096 1571 1181 1632 etiam
1202 1571 1273 1630 illud

172 1661 250 1737 quod
270 1660 411 1737 Georgius
433 1655 612 1738 Acropolita,
634 1675 753 1734 magnus
773 1656 935 1736 logotheta,
955 1659 984 1714 in
1001 1675 1052 1716 suo
1067 1659 1208 1718 Chronico
1222 1677 1274 1736 ap-

171 1746 260 1824 pellat
277 1743 457 1824 pyramidem,
480 1743 527 1800 nbi
552 1743 588 1801 de
610 1739 708 1800 isaaco
729 1742 897 1818 imperatore
912 1739 1071 1819 aBulgaris
1087 1744 1197 1802 devicto
1212 1744 1274 1820 agit

172 1850 201 1908 p.
215 1834 258 1892 22
278 1833 298 1892 3
321 1826 413 1888 Banu.
456 1834 481 1887 et
506 1829 553 1886 boc
572 1834 699 1905 tempora,
718 1826 827 1906 inquit,
848 1825 971 1903 Bolguri
989 1830 1072 1886 conns
1092 1827 1274 1891 Rornanorum

173 1915 266 1995 spoliis
279 1917 420 1992 acquisitis
438 1915 573 1992 κοιρανίδαι
596 1911 840 2012 insolentiusquefe
858 1913 999 1989 gerebant:
1019 1909 1071 1974 nul
1091 1907 1147 1994 γοίρ
1167 1910 1219 1974 καί
1240 1913 1274 1975 ἐκ

59 2060 60 2063 ,
172 2003 233 2061 τῶν
254 1999 419 2078 βασιλικῶν
438 1991 627 2078 παρασήμων
646 1993 685 2059 κοί
703 2015 899 2078 καιριωιερο·
920 1989 976 2068 scic
994 2017 1026 2058 τε
1048 1993 1104 2077 yso
1117 2001 1173 2058 rori
1188 2000 1274 2079 βασι-
1289 1990 1297 2021 ”

173 2083 249 2156 tter
271 2079 327 2158 τρίς
349 2085 530 2163 πυραμίδος
549 2075 744 2164 ιίνςλοίβοντο.
786 2082 825 2140 οδ
849 2099 921 2158 quae
943 2081 1082 2160 interpres
1103 2079 1274 2141 Theodorus

173 2168 288 2246 Dousa:
307 2169 440 2248 πυραμίς
455 2174 514 2226 erat
533 2169 622 2250 pileus
643 2169 829 2244 acuminatur,
847 2170 935 2227 instar
956 2169 1125 2246 pyramidis,
1150 2168 1275 2227 Orienta-

174 2256 242 2318 lium
251 2257 401 2332 principnm
415 2259 557 2330 gestamen.
600 2254 677 2330 cuius
694 2257 788 2332 postem
806 2256 903 2312 iterum
915 2259 1008 2312 auctor
1022 2256 1151 2312 meminit:
1171 2251 1222 2315 καί
1235 2249 1273 2314 ποί

171 2334 361 2422 μίν-ἐρυθρὰ
376 2338 482 2402 πέδιλα
495 2331 693 2418 ἐπεβάλλετο,
714 2336 767 2400 καί
785 2331 843 2418 τήν
866 2333 1092 2420 περιμάργαρον
1109 2339 1281 2444 πυραμίδαἢ

175 2425 220 2498 είς
247 2419 288 2503 ἣν
314 2421 366 2485 καὶ
388 2425 476 2496 λίθος
499 2415 712 2503 δπερκοίθνρται
733 2420 887 2498 κόκκινος,
921 2419 942 2484 δ
966 2419 1106 2504 βασιλικοί
1126 2426 1274 2503 συμβολα.

175 2509 391 2568 Cantacuzenus
417 2513 432 2570 1
456 2509 475 2572 5
496 2505 606 2586 pileum*
615 2505 690 2566 hunc
703 2525 753 2566 seu
768 2508 868 2566 tiaram
881 2508 917 2566 ab
931 2509 1036 2567 inserto
1052 2511 1155 2568 unione
1167 2529 1219 2572 scu
1232 2509 1274 2566 la-

174 2595 240 2678 pide
253 2593 377 2672 pretioso
391 2595 595 2671 synecdochice
607 2593 734 2654 nominat
745 2589 800 2670 ‚cdv
814 2591 864 2656 iat
876 2597 932 2672 τῆς
945 2599 1079 2672 κεφαλῆς
1099 2597 1201 2656 λίθον.
1244 2601 1275 2652 et

82 2703 83 2706 ’
153 2680 196 2746 ”4
216 2679 258 2742 37
278 2679 348 2738 haec
366 2680 465 2742 eadem
481 2680 554 2740 tiara
567 2685 612 2739 est
630 2680 830 2738 Cantacuaeuo
843 2677 923 2762 step
936 2677 1160 2758 κεκοσμημένος
1173 2682 1271 2750 πῖλος.

174 2768 220 2824 est
233 2764 390 2842 symbolum
406 2765 514 2842 imperii
530 2771 545 2829 1
562 2765 590 2829 5.
634 2766 764 2842 quocirca
785 2765 924 2824 diversum
944 2765 1034 2823 forma
1047 2765 1135 2822 fuisse
1148 2764 1276 2842 oportuit

173 2851 252 2908 illum
266 2869 349 2926 quem
373 2851 508 2928 fugitivus
529 2849 707 2912 Andronicus
727 2853 888 2910 comnenus
910 2851 1063 2930 imperator
1081 2847 1191 2926 induit,
1211 2847 1287 2936 licet¹

175 2937 328 3014 pyramidis
353 2949 466 3012 quoque
490 2935 612 3015 speciem
631 2956 699 3017 prae
718 2957 750 2996 se
769 2939 870 2998 ferret:
897 2940 988 2998 πῖλον
1009 2931 1066 3018 peip
1088 2931 1275 3020 βαρβαρικόν

175 3023 215 3104 τῇ
231 3025 350 3106 κεφαλῇ
364 3019 577 3102 περιθέμενος,
601 3017 634 3096 ‘ab
650 3022 692 3096 εἰς
707 3015 762 3098 δξιί
776 3018 879 3103 λήγων
892 3021 1039 3101 πυραμίδι
1053 3020 1198 3092 εἴκασται,
1218 3016 1276 3100 τήν

178 3100 336 3184 βασιλικήν
358 3105 480 3170 εἴσεισιν
502 3097 597 3180 αὖθις
614 3102 738 3186 rosdon,
760 3111 793 3165 nt
811 3107 851 3166 ait
864 3103 979 3166 Nicetes
993 3106 1011 3165 l.
1026 3110 1047 3171 2
1062 3107 1099 3165 de
1112 3106 1276 3166 Andronico

177 3189 332 3247 comneno.
375 3193 483 3268 grande
497 3197 591 3250 tamen
604 3191 716 3251 aliunde
731 3193 805 3251 inter
823 3193 899 3252 hunc
922 3192 1097 3250 barbaricrnn
1116 3192 1275 3271 pyramida-

177 3273 233 3332 lenn
244 3273 348 3351 pileum
362 3281 392 3334 et
407 3275 484 3335 illum
498 3277 617 3335 alterum
629 3277 837 3354 imperatorium
850 3274 1040 3336 intercessisse
1059 3283 1190 3354 oportet,
1211 3281 1288 3340 cum.

177 3357 355 3420 Andronicus
371 3361 446 3420 hunc
459 3360 649 3438 barbaricum,
665 3380 701 3420 ne
716 3369 914 3440 agnosceretur
927 3363 1096 3440 imperator,
1116 3380 1277 3440 assumpse—

177 3445 233 3516 rit;
257 3445 331 3504 sicut
349 3452 379 3504 et
397 3445 533 3506 turbinati
556 3446 595 3504 illi
616 3445 681 3525 pilei
706 3452 804 3524 σχῆμα
823 3447 992 3525 πυραμίδος
1014 3443 1145 3523 Ἰίχονιες,
1174 3449 1276 3524 quibus
1357 3495 1360 3502 .

179 3549 308 3608 proceres
331 3530 361 3588 in
380 3531 444 3588 aula
462 3533 614 3609 Cpolitnna
634 3529 803 3608 utebantur,
824 3532 922 3607 ntique
935 3531 971 3590 ab
985 3531 1161 3609 imperatoris
1177 3530 1277 3594 καίν’-

178 3638 285 3758 ιᾶτραις
298 3619 538 3762 seutpgpppentipl
548 3619 578 3676 in
597 3617 771 3695 pyramidem
783 3617 944 3694 ·instigiatis
965 3617 1172 3696 discrepabant
1212 3619 1277 3677 vida

209 3705 368 3778 regerama
404 3705 406 3710 ’
444 3721 504 3762 cem
538 3703 661 3761 istoriae.

113 3845 115 3852 ,
196 3831 197 3836 ,
234 3819 235 3822 =
263 3786 384 3864 Graeci,
405 3793 519 3866 recepta
541 3786 687 3846 aLutinis
707 3785 808 3864 cpoli,
826 3785 899 3845 inter
912 3784 1084 3846 Balduinill
1101 3786 1278 3864 imperatoris

178 3869 307 3948 symbola
319 3878 484 3949 repererunt
505 3873 659 3951 calyptram
679 3873 770 3931 forma
793 3870 902 3932 Latinis
926 3873 1031 3932 usitata
1053 3876 1230 3932 constantem
1248 3877 1278 3932 et

179 3957 329 4014 unionibus
344 3958 521 4036 distinctam,
540 3957 711 4036 cumplapillo
724 3958 801 4016 rubri
814 3958 914 4017 coloris
935 3959 965 4016 in
985 3960 1090 4018 vertice
1110 3957 1224 4034 cepitis,
1245 3962 1279 4015 ut

178 4040 210 4098 in
234 4039 377 4102 Pandecte
398 4044 494 4104 scribit
519 4042 703 4105 Leunclavius
723 4061 758 4102 ex
777 4041 911 4104 Ptaetore
936 4044 1070 4104 Graeciae
1089 4042 1222 4101 historico
1236 4041 1280 4100 in-

265 4209 384 4272 Basilius
402 4211 663 4294 Porphyrogenitur
683 4212 761 4292 apud
781 4212 922 4272 Zonaram
942 4211 1097 4292 triumphat
1111 4202 1200 4295 τιάρᾳ
1215 4231 1282 4274 και-

182 4295 309 4371 νῑθθδδσ
328 4295 434 4387 ὀρθία,
455 4297 498 4382 ἢν
512 4304 633 4381 κοῦφον
644 4303 732 4364 καλεῖ
743 4296 762 4362 δ
779 4293 922 4380 δημώδης
933 4297 985 4361 καλ
999 4293 1094 4371 celric
1106 4291 1281 4378 ἅνθρωπος,
