2744 4690
417 327 424 338 ·
464 305 511 375 IN
532 300 681 378 conum
700 304 784 378 GAP.
806 307 889 378 ΧΧ,
1154 311 1230 388 879

129 471 263 534 vooubrm,
287 466 358 538 quod
380 467 487 522 manne
509 481 611 538 semper
635 483 692 520 oum
716 467 897 540 commem
921 485 953 526 ao
967 469 995 526 io
1011 468 1109 542 puoto
1125 471 1158 528 nul
1174 474 1232 532 eius

131 541 225 592 oollam
243 536 363 606 (αελλίον
379 537 443 590 onim
461 537 535 594 etiam
553 533 712 606 imperatorio
729 539 853 592 seoretius
876 540 1010 610 penetrale
1034 539 1128 594 dietum
1153 559 1233 664 supe-

130 609 196 674 rius)
214 607 389 662 ooowellnneus
404 602 438 659 oei
486 608 565 672 lbos,
585 621 620 657 ao
634 622 697 674 prae
713 605 770 659 aliis
785 607 877 676 <lignus
893 603 979 677 μέραρ
993 607 1183 678 πρατοούμκελ
1201 629 1233 674 ος

129 675 267 730 babitaret.
292 677 404 728 oderunt
474 673 511 742 (si
531 675 667 726 Pbrnnzuo
689 673 824 744 interpreti
849 677 914 730 fides
939 677 1071 746 habenda)
1087 681 1233 733 sacedotes

129 746 172 798 oni
188 743 308 815 (palatini
318 745 447 812 nimirum)
464 750 490 797 ot
499 743 646 812 spiritualis
656 749 732 811 potos
744 745 888 868 Gregorius
898 763 1013 815 mugnus
1021 751 1234 817 protooyogeluo.

130 813 165 868 de
181 813 276 871 loonne
292 812 448 883 imperatore
464 813 487 866 lo
507 811 575 866 uitus
591 811 623 864 aul
646 811 777 869 oonoilium
819 815 971 870 lorentinum
988 815 1054 868 rium
1072 823 1232 886 capessente.

128 879 222 969 sepibit
237 899 315 950 porro
338 830 561 965 protosyngjum,
574 888 654 964 prout
671 880 714 934 ulii
731 883 834 968 Graece
850 879 1001 968 σύμμελονρ
1012 885 1046 938 ob
1057 884 1162 938 eandem
1175 903 1233 944 eum

129 953 261 1075 {minag
278 957 510 1088 giogggiffimm
526 956 555 1004 et
573 955 718 1025 lguoratam
742 955 891 1028 saysel-iou
913 969 1034 1028 propnae
1056 954 1129 1007 vonis
1151 953 1233 1024 signi·

201 1121 228 1174 p.
243 1103 292 1158 105
303 1122 329 1158 v.
344 1105 386 1160 14.
402 1098 623 1174 καθηγούμενον]
635 1121 700 1174 qnos
712 1099 883 1176 ἡγουμένους
894 1121 996 1176 qnoque
1005 1103 1124 1160 dleimnse
1142 1122 1232 1174 προηι

131 1169 285 1246 μοομένονς
306 1179 405 1254 nutem,
432 1173 478 1242 qui
500 1174 596 1228 homin
618 1175 704 1228 oilioio
726 1181 935 1244 praesenserunt,
957 1181 985 1230 et
1002 1176 1158 1248 superiorum
1174 1191 1231 1230 mu-

132 1261 211 1310 nere,
230 1259 280 1312 quo
297 1260 327 1298 se
342 1241 507 1308 abuerunt,
522 1246 581 1296 sunt
596 1243 687 1296 functi.

201 1345 266 1400 ibid.
299 1338 351 1414 τὴν
373 1343 530 1412 σφραγῖδα]
548 1338 717 1415 πρόβλημα,
740 1345 925 1414 προχείρωιν,
946 1346 1133 1414 promotionem
1153 1343 1231 1398 intel-

131 1413 201 1483 lige,
226 1430 295 1483 quse
309 1415 379 1466 lueto
396 1413 479 1466 crucis
499 1413 572 1482 signo
600 1413 782 1496 compleretur.
807 1413 922 1486 requires
947 1415 973 1468 in
988 1413 1187 1484 Euobologioisa
1205 1425 1232 1470 et

131 1482 248 1538 oorunloo
264 1489 418 1555 postremum
433 1480 575 1555 superioris
590 1482 683 1553 euplus
697 1488 793 1540 nomm.

176 1596 188 1634 ὓ
216 1590 253 1653 ab.
274 1606 301 1650 v.
325 1591 373 1656 17.
401 1585 453 1652 aui
475 1587 509 1654 oi
530 1583 586 1670 μὲν
608 1580 753 1670 ἆρχιερεῖς
773 1587 817 1662 εἰς
842 1584 1050 1672 προσκύνησιν
1075 1591 1133 1652 rori
1146 1588 1232 1669 βασι·

131 1671 225 1750 λὲας,
246 1669 290 1748 oie
303 1673 439 1754 αἴρομαι,
464 1669 619 1754 insternor
642 1669 715 1753 parui
735 1676 797 1736 τοῖν
817 1666 946 1754 ἐχόντων
968 1671 1103 1754 parisino
1130 1666 1233 1735 αὐτῶν

131 1752 302 1839 ποταμούς]
323 1758 420 1816 lunius
434 1778 462 1837 p.
477 1763 539 1823 212
553 1758 683 1818 editionis
697 1775 781 1834 suae,
798 1758 848 1819 1e
863 1764 943 1826 zon
959 1764 1015 1824 16:
1036 1761 1233 1818 somniantem

132 1845 280 1904 sacerdotes
293 1843 332 1902 od
345 1841 516 1904 salutandum
526 1847 721 1924 imperatorne,
743 1848 775 1901 ut
789 1843 921 1917 dinnano,
941 1847 1071 1902 uenientes
1094 1861 1152 1902 eum
1168 1841 1234 1901 niiio

132 1929 277 2008 mundym
294 1946 370 1988 οααοι
392 1928 555 1989 labentibus.
582 1946 739 2008 perperam.
759 1926 822 2004 lege
841 1946 876 1986 ex
891 1928 987 1989 codice
1003 1925 1137 1989 Lauther.
1159 1921 1234 2010 μετὰ

132 2015 194 2076 νῶν
208 2008 335 2094 ἐχόντων
349 2006 493 2093 poenino
507 2008 610 2076 ον’νοῖν
620 2006 782 2092 ποταμούς.
803 2031 861 2071 cum
875 2014 998 2091 mandyo'o
1012 2017 1067 2072 sais
1076 2013 1232 2072 habentibus
1248 2011 1271 2068 P
1288 2014 1340 2068 268

128 2101 248 2180 fluuios,
269 2098 324 2158 boo
338 2103 383 2157 est
395 2118 454 2159 oum
467 2099 589 2179 mondyis
599 2099 745 2159 medentis.
767 2098 797 2154 iu
820 2097 926 2177 scripto
940 2097 1077 2158 Graeoob.
1091 2097 1109 2157 l.
1125 2096 1237 2163 2Tur·

132 2187 344 2262 eogr.p.108:
364 2182 416 2246 ool
434 2184 534 2264 μανδῆ
555 2181 593 2265 μὲ
611 2179 683 2257 τούς
703 2175 869 2263 ποταμούς.
891 2184 1054 2263 punition,
1075 2182 1167 2258 inquit
1190 2181 1237 2240 ille

132 2269 258 2327 Graecus
271 2268 302 2328 in
320 2266 457 2346 Turoogr.
470 2289 499 2350 p.
516 2271 593 2348 189,
614 2263 778 2350 ie'yooutvii
794 2266 880 2348 φέρεν
896 2261 998 2330 ἐπάνω
1014 2266 1033 2331 oi
1052 2261 1237 2350 πατριάρχης

134 2349 208 2434 μετὰ
221 2355 380 2434 ποταμοῖν,
402 2349 453 2417 olori
477 2347 512 2418 oo*
528 2349 699 2418 tremendo
715 2347 861 2430 ὀφείλειν.
883 2353 984 2412 dicitur
1003 2372 1072 2431 ergo
1089 2347 1236 2433 μανδύας,

134 2439 295 2519 punition,
324 2440 429 2520 μανδῆ
448 2443 480 2500 et
498 2438 641 2519 μαντίον,
668 2457 687 2501 a
707 2438 812 2515 quoin
834 2437 972 2517 Tureogr.
990 2459 1020 2516 p.
1046 2440 1106 2502 189
1121 2455 1237 2497 numero

133 2524 319 2584 multitudinis
335 2518 373 2586 roi
395 2523 514 2604 potorio.
540 2523 572 2586 οἱ
594 2517 739 2605 α’ρχνορεῖς
756 2520 889 2604 βαονοῦν
912 2525 955 2597 εἰς
977 2519 1013 2586 ooi
1039 2523 1148 2604 μαντία
1164 2518 1237 2596 τούς

133 2605 286 2688 ποταμονῖς
300 2609 461 2685 κοκκίνονς
473 2607 527 2671 καὶ
540 2605 686 2690 α’σπροας.
703 2610 842 2687 ponentes
855 2615 962 2684 gestant
974 2612 1005 2667 in
1022 2607 1118 2687 palliis
1133 2610 1238 2687 fluuios

133 2691 261 2778 (limbos)
282 2698 413 2755 coccineos
435 2694 560 2760 stollas,
581 2694 747 2754 Germanice
763 2694 876 2769 mantel,
893 2712 911 2752 a
928 2692 1033 2755 Latino
1052 2693 1170 2752 monteio.
1192 2697 1238 2750 est

132 2785 228 2842 autem
241 2773 378 2860 μανδύας
393 2781 485 2839 forma
503 2779 598 2839 similis
612 2780 638 2838 ei
651 2779 722 2839 vesu·
737 2797 833 2838 sacrae
848 2797 934 2854 quam
947 2777 1031 2855 vulgo
1045 2795 1175 2836 vocamus
1195 2781 1238 2836 oin

132 2864 329 2935 rouebmnnleb·
350 2870 381 2924 et
394 2883 451 2941 qua
464 2866 526 2945 ipse
542 2866 696 2946 imperator
712 2863 857 2926 Romanus
876 2863 968 2924 adhue
980 2864 1010 2920 in
1024 2861 1237 2940 inauguratione

132 2949 259 3026 insigniri
282 2956 312 3008 et
331 2952 411 3030 pingi
438 2948 512 3011 solet
537 2969 651 3028 quoque
672 2970 736 3010 oum
762 2949 936 3008 electoribus.
972 2949 1086 3007 Simeon
1102 2947 1237 3024 magister

135 3035 288 3094 officiorum
301 3036 331 3092 in·
345 3035 489 3096 Pandente
507 3037 616 3100 Hister.
658 3035 795 3098 Turoieae
815 3054 839 3093 c.
865 3035 926 3096 199
949 3026 1125 3112 δικητήσιον
1139 3037 1237 3104 vocat3

125 3120 214 3198 .quod
228 3119 330 3177 Graeci
342 3123 436 3198 rogati
457 3122 493 3182 ab
516 3128 631 3182 anctore
651 3119 811 3181 Pandeetae
834 3117 1093 3198 interpretabantur
1105 3112 1236 3197 ἒπιμοὶν·

136 3205 227 3277 ὄνον,
250 3204 330 3284 quasi
344 3205 420 3263 dicas
433 3207 672 3286 mpromootellum.
695 3206 770 3264 forte
785 3198 961 3286 bunuariorum
980 3200 1062 3282 nopai
1075 3198 1132 3278 noio
1146 3202 1236 3278 δίκην

136 3287 295 3365 derivatur,
315 3294 349 3349 ut
368 3294 397 3347 et
412 3290 594 3366 beneisson,
618 3290 696 3363 quod
712 3289 819 3369 imperii
840 3295 870 3348 et
889 3289 1041 3367 potestatis
1060 3288 1170 3364 insigne
1189 3288 1236 3346 sit.

136 3378 252 3448 eratque
265 3374 352 3432 vestis
372 3374 441 3434 haee
455 3379 515 3456 tnrn
527 3374 740 3452 imperatoribus
758 3373 1020 3460 qmmpaniarohn
1036 3371 1153 3447 aliisque
1165 3391 1238 3454 pon-

136 3458 255 3517 tificibus
268 3460 438 3537 eommunis,
459 3465 491 3518 nt
512 3478 546 3518 ex
566 3458 741 3540 Curopalata
754 3465 784 3517 et
804 3457 1010 3536 Turcograecia
1035 3463 1161 3530 constat;
1186 3477 1238 3518 nec

135 3544 206 3604 satis
227 3547 295 3620 apte
314 3545 432 3604 vertitur
456 3544 673 3623 paludamentum
679 3549 751 3622 ,flul
780 3543 908 3620 agnoseit
934 3543 1020 3602 etiam
1042 3541 1239 3620 Leunclavius,

137 3647 200 3689 cum
219 3647 274 3687 vox
292 3627 361 3688 baec
384 3629 531 3690 militarem
557 3635 665 3688 vestem
695 3627 849 3706 significet,
878 3622 1015 3708 μανδύας
1035 3634 1130 3688 autem
1154 3630 1238 3687 etiem

137 3720 217 3774 extra
239 3721 333 3776 castra
352 3715 456 3792 gestari
477 3715 668 3788 consueverit3
688 3731 740 3772 neo
761 3713 797 3772 ab
818 3713 987 3792 imperatore
1005 3718 1117 3773 tantum
1139 3714 1191 3772 sed
1208 3719 1238 3772 et

136 3800 173 3862 ab
192 3798 322 3860 ecclesiae
341 3799 533 3880 praesulibus,
553 3800 664 3876 quibus
674 3799 891 3878 paludamentum
912 3805 981 3879 apte
1001 3817 1084 3858 nemo
1101 3798 1237 3857 tribuerit.

137 3891 167 3944 et
181 3885 251 3944 haec
263 3885 466 3946 accommodari
482 3893 603 3965 possunt
616 3886 654 3944 ad
667 3885 744 3944 varia
756 3883 818 3943 loea
835 3882 939 3942 Codini
952 3885 981 3944 in
997 3884 1098 3962 quibus
1109 3883 1239 3961 mundane

137 3971 307 4032 monitionem
322 3972 398 4032 facit
427 3972 504 4047 quod
522 3971 618 4030 Iunius
639 3971 778 4046 mandyae
797 3969 933 4046 originem
956 3987 990 4030 ex
1010 3967 1123 4028 Persica
1141 3968 1239 4045 lingua

138 4055 253 4114 deducit
261 4078 295 4136 p.
315 4059 394 4134 336,
414 4057 443 4114 id
461 4055 544 4134 facit,
565 4056 681 4134 opinor,
698 4060 732 4113 ut
751 4052 878 4114 Persicae
898 4055 1010 4132 linguae
1027 4072 1085 4112 non
1109 4053 1238 4129 ignarum

137 4141 265 4199 sciamus.
286 4142 371 4220 longe
384 4142 490 4202 facilius
509 4162 527 4201 a
549 4139 654 4202 Latino
671 4141 795 4200 mantello
808 4145 859 4199 aut
879 4139 1046 4198 Germanico
1069 4139 1167 4197 mantel
1188 4138 1238 4196 de·
1301 4157 1307 4169 ‘

139 4225 273 4284 duxisset.
292 4246 345 4287 neo
366 4229 504 4289 assentior
516 4228 653 4304 Memno,
675 4225 723 4302 qui
743 4227 784 4285 ita
804 4225 889 4302 legit,
910 4220 1066 4304 ἐρχόμενοι
1083 4217 1155 4304 μετα
1174 4227 1237 4284 τοῖν

139 4303 268 4391 ἐχόντων
282 4309 421 4393 monton
434 4310 477 4397 μὲ,
491 4303 655 4398 ποταμούς,
676 4329 742 4374 nom
762 4329 862 4376 sensus
881 4314 970 4371 esset:
991 4310 1106 4391 episoma?
1128 4312 1237 4392 ueniunt
