2798 4690
164 307 239 382 286
324 307 532 376 GRETSERI
546 307 601 374 ET
619 305 753 378 uoltu
764 302 1100 375 COMMENTARIUS

184 472 272 526 radam
288 487 334 543 pro
351 488 403 542 ope
417 471 471 527 lete
485 469 613 526 relaturus
631 467 791 534 neonae,
807 467 903 538 templo
922 467 948 521 in
962 465 1053 537 quoin
1075 466 1189 522 hunum·
1206 475 1268 523 erat

164 489 308 607 destructo,
332 541 400 594 alind
418 540 619 608 magnificentius
636 547 791 592 exnmctum
808 537 919 608 praediis
934 537 1031 608 amplos
1049 537 1201 591 habentibus
1220 555 1267 592 re-

166 611 234 664 ditur
249 610 384 672 ditaverit.
402 612 546 674 storbon,
565 608 728 660 [locheneias
743 622 881 676 suppresso
898 605 1008 674 nomino,
1024 605 1159 658 vocaverit
1172 607 1265 660 Theo—

166 679 317 762 doropolim.
351 677 437 734 subdit
459 677 605 740 cedrenus,
632 693 666 729 ex
689 691 740 744 quo
755 676 817 728 haec
833 675 997 748 depromptae
1025 691 1087 728 rane
1105 674 1145 728 his
1161 692 1265 744 semper

167 748 311 868 aurppcibus
335 756 414 830 atquo
438 745 611 866 antesignppip
623 744 769 866 ⁸applausum
785 745 873 866 hpste:
886 743 1194 865 ptprpolpppttsspnppurpgp
1206 745 1264 864 ppp-

335 833 342 868 τ
362 833 376 866 v
588 831 623 866 re
721 831 735 864 r
830 831 863 866 eo
898 831 912 865 e
1342 839 1346 846 ·

167 831 641 953 lile,endirepraddlldriddiliiaemducem
658 819 836 954 remigeruli
854 852 985 936 vietoao’e.
1019 881 1121 934 ultimus
1138 881 1264 934 Theodo-

168 971 213 1007 τοι
230 953 310 1020 alins,
335 955 385 1006 tiro
403 953 497 1018 dictus,
523 970 573 1006 nou
590 952 658 1021 quod
675 968 798 1006 umorum
815 950 932 1004 drocioio
949 949 1108 1012 erudiretur,
1131 949 1176 1002 sod
1192 950 1264 1020 quod

168 1023 195 1076 in
220 1023 323 1075 cohorte
345 1023 454 1076 tironum
478 1021 545 1075 dicte
567 1027 704 1091 provectus
724 1018 837 1072 centurio
860 1025 1055 1088 promereretur.
1089 1017 1265 1072 Damasceuus

169 1091 351 1146 subdiaconum
379 1081 448 1158 ἦτον
464 1090 512 1144 καὶ
530 1085 612 1150 αὐτὸς
629 1086 694 1150 ἕνας
712 1086 751 1151 εἰς
768 1083 800 1141 cd
818 1083 908 1156 τάγμα
924 1081 998 1142 ὅπου
1016 1081 1189 1154 ὥνομοὶζετον
1208 1085 1264 1140 Tri-

111 1205 114 1230 ,
170 1177 270 1228 pause,
288 1155 363 1212 niodo
378 1156 414 1214 vol
432 1156 512 1230 stopie
528 1153 737 1227 ἑκατόνταρχος.
772 1155 809 1210 ita
826 1157 909 1210 dictus
921 1163 1011 1209 auctor
1022 1157 1122 1223 vulgari
1132 1157 1262 1214 idiomate.

236 1285 263 1344 p.
273 1263 313 1330 48
328 1287 354 1326 v.
363 1263 390 1330 4.
409 1263 477 1324 illud
490 1259 655 1345 Θεοδῶρων
666 1268 710 1322 est
724 1263 868 1339 utriusque
877 1259 1020 1320 Theodori
1032 1263 1172 1341 martyris,
1184 1263 1266 1322 ducis

171 1356 201 1410 et
215 1351 320 1415 tironis.
363 1352 461 1430 prioris
473 1349 575 1408 festum
590 1355 679 1428 egunt
694 1349 823 1412 Graeci8
838 1345 925 1423 Iunii,
947 1347 1109 1426 posterioris
1128 1349 1167 1411 17
1180 1345 1266 1409 Febr.

172 1443 202 1496 et
222 1438 250 1494 in
269 1437 343 1496 hunc
363 1437 482 1494 tironem
499 1442 592 1494 exstat
613 1437 643 1494 S.
667 1434 796 1515 Gregorii
819 1431 941 1509 Nysseni
961 1432 1145 1514 pulcherrima
1166 1435 1266 1518 oratio.

240 1551 304 1606 ihs'd.
352 1545 490 1618 Γεώογιον
516 1544 639 1616 ἔφιππον
679 1548 834 1602 notissimum
857 1546 916 1600 olim
945 1546 1051 1612 ducem,
1077 1547 1174 1602 amodo
1199 1565 1268 1602 nune

171 1619 282 1674 tolerato
306 1618 429 1688 martyrio
452 1619 592 1685 Georgium
651 1625 732 1670 ectum
756 1616 864 1686 equitem
888 1631 987 1702 semper
1019 1615 1126 1686 pingunt
1154 1617 1266 1679 Graeeic

172 1688 242 1758 quod
262 1689 363 1759 saepius
385 1686 421 1744 ,sit
444 1687 513 1739 visus
537 1681 715 1757 καβαλλοὶρης
737 1682 777 1748 εἰς
800 1679 904 1752 ἄλογον
926 1699 1037 1752 ασπρον
1053 1692 1081 1737 et
1097 1683 1269 1755 λοοκοφόρος

172 1754 358 1828 καβαλλάριος
375 1751 414 1816 alc
431 1751 534 1823 ἄλογον
553 1749 671 1822 ἅσπρον.
709 1755 876 1808 Dumareenur
894 1753 986 1806 citatus
1009 1753 1034 1806 in
1055 1753 1198 1809 Thesauro.
1233 1757 1268 1809 do

174 1825 295 1948 gporgio·
306 1833 334 1948 pt
348 1825 487 1948 6Theodoro
507 1824 602 1879 sanctis
619 1826 778 1880 Graecorum
796 1821 988 1878 auxiliatoribus
1013 1822 1120 1876 Nicea·
1141 1823 1269 1878 Manuelir

214 1912 295 1950 mmm
322 1933 330 1949 0
366 1932 372 1947 Ι
391 1931 393 1941 l

242 1997 276 2049 s'h.
294 2015 320 2048 v.
338 1996 368 2049 5.
382 1995 579 2065 δρακοντεῖον]
606 2013 662 2049 αισι
684 1995 776 2066 aquilis
796 1994 823 2048 iu
845 1994 925 2049 eciem
947 1993 1014 2050 inter
1036 1993 1132 2048 vexilla
1146 1993 1193 2047 lad
1208 2001 1269 2048 snut

173 2063 251 2119 erio·
269 2065 405 2130 dracones,
423 2065 531 2118 maxime
548 2066 648 2119 labente
664 2065 778 2135 imperio.
812 2064 887 2117 docet
902 2062 1069 2134 Denpsterns
1086 2063 1119 2116 ad
1136 2064 1210 2120 Rom.
1220 2081 1269 2117 an-

174 2133 222 2204 tiq.
239 2136 342 2188 calcem.
377 2133 515 2203 dequibus
539 2135 633 2188 Suidao
657 2151 682 2187 v.
707 2135 821 2202 οημεῖατ
850 2127 870 2186 d
891 2127 1023 2218 φέρουσιν
1044 2127 1074 2186 ἐν
1095 2132 1136 2202 τῷ
1158 2127 1270 2204 πολέμῳ

173 2195 325 2270 ὑφάσματά
342 2199 394 2255 εἰσι
413 2203 491 2272 βαφῇ
506 2199 720 2272 πεποικιλμένα,
747 2197 767 2256 ἃ
795 2197 835 2264 εἰς
851 2197 937 2264 ,idean
950 2198 1068 2268 μάλιστα
1083 2195 1178 2268 ὄφεων
1193 2202 1270 2255 εἶτα·

174 2287 252 2392 itt
275 2268 327 2394 tt?
340 2267 1274 2408 tdlutto’‘t'ltltlhtt..ltt¹³tt‘ttttlt‘l.

174 2425 233 2462 rum
252 2411 340 2462 αατιὶο
358 2359 531 2480 gelrlollmer‘spoe
547 2357 738 2464 maginiensem
754 2410 873 2480 illigati,
889 2411 965 2462 hiatu
982 2416 1056 2462 nuato
1069 2377 1220 2477 perfldtilca,
1243 2415 1271 2464 et

175 2479 247 2532 salut
260 2478 303 2530 iro
320 2481 415 2546 perciti
429 2479 577 2547 sibilantes,
598 2478 1106 2548 emdomopooootomtoorouopoeore
1117 2479 1145 2532 in
1155 2486 1272 2534 omrem

260 2583 315 2644 His
331 2583 515 2664 imperatoriis
536 2585 656 2646 flamulis
680 2603 731 2642 seu
751 2583 855 2644 vexillis
866 2587 984 2664 propter
1004 2583 1198 2660 cognationem
1217 2601 1273 2644 no-

177 2669 260 2728 minis
281 2670 355 2729 adde
375 2670 502 2730 vexillum
525 2671 555 2732 S.
577 2669 720 2748 Dionysii,
746 2669 852 2730 Gallice
881 2669 1016 2748 onflnmbc
1041 2669 1162 2747 dictum,
1192 2669 1274 2746 quod

178 2773 261 2832 reges
287 2755 395 2815 Galliae
422 2776 530 2830 summa
559 2756 693 2832 religione
714 2774 810 2824 secum
834 2755 864 2812 in
889 2753 1079 2832 expeditiones
1104 2755 1274 2813 educebant.
1386 2825 1387 2846 μ

180 2842 216 2898 de
245 2858 302 2916 quo
328 2842 393 2899 vide
417 2848 500 2917 gesta
528 2839 665 2899 Ludovici
689 2840 860 2898 Francorum
880 2839 955 2915 regis
981 2837 1276 2916 f01.138‚144,et
1386 2847 1387 2850 ’

178 2914 336 3001 Rigordum
353 2927 390 2984 de
409 2927 497 3002 gestis
515 2925 636 3006 Philippi
658 2924 780 3002 Augusti
801 2927 876 3002 regis
893 2923 941 2982 sol.
966 2926 1024 2987 186
1045 2926 1089 2982 ad.
1105 2923 1225 2985 Pithoei.

263 3023 330 3080 Non
360 3045 475 3104 possum
498 3019 635 3086 hocloco
663 3025 764 3086 tacitus
783 3025 935 3104 praeterire
953 3023 1105 3106 Nicephori
1129 3025 1278 3104 Gregorae

178 3107 196 3168 l.
217 3111 237 3170 7
256 3107 399 3168 sinistrum
420 3115 449 3168 et
465 3111 603 3168 abiectum
625 3109 756 3168 iudicium
774 3111 810 3169 de
829 3110 1031 3170 marchionibus
1048 3109 1175 3189 Latinis,
1200 3129 1277 3186 quos

179 3192 219 3254 ait
239 3214 292 3252 oon
311 3214 364 3252 esre
387 3195 473 3254 claros
491 3195 563 3273 opud
582 3194 709 3268 Latium,
738 3193 783 3254 sed
810 3215 867 3256 eum
893 3196 1038 3271 dignitatis
1057 3196 1173 3272 gradum
1188 3201 1278 3258 tenere

179 3299 253 3356 poem
267 3279 340 3358 opud
358 3280 492 3340 Ronmooo
511 3279 705 3360 (Cpolitanos)
729 3287 796 3340 teor
816 3279 832 3342 ὁ
850 3277 906 3359 τήν
921 3277 1080 3360 βασιλικήν
1094 3281 1228 3360 σημαίαν
1241 3282 1278 3344 ἐν

179 3359 375 3443 στρατεύμασι
396 3365 542 3445 κατέχων,
568 3372 598 3425 et
618 3366 770 3424 marchioni
787 3373 912 3444 perpetuo
928 3385 1025 3424 munus
1047 3367 1096 3424 hoc
1115 3367 1278 3426 attalum

178 3467 232 3506 esse
247 3455 278 3506 ut
298 3469 364 3507 nouo
380 3455 534 3529 imperatori
557 3452 684 3510 vexillum
707 3452 851 3530 praeferat.
894 3449 998 3509 scilicet
1015 3451 1136 3512 marchio
1153 3450 1278 3510 Montis-

177 3533 292 3611 ferrati,
319 3535 457 3613 Minnica,
487 3537 729 3613 Brandeburgicus
751 3542 781 3594 et
806 3535 906 3594 similes
926 3537 1003 3614 apud
1022 3533 1140 3595 Latinos
1162 3537 1279 3595 maioris

179 3619 324 3694 dignitatis
344 3640 401 3678 non
423 3628 504 3682 erent
526 3641 609 3698 quarn
625 3621 811 3698 lampadarius
825 3626 874 3678 aut
886 3622 970 3696 isqui
985 3621 1114 3680 divelium
1127 3625 1178 3680 aut
1194 3623 1281 3681 flam-

178 3703 254 3762 mula
275 3705 454 3782 imperatoria
474 3709 552 3784 apud
569 3707 693 3764 Graecos
715 3706 875 3783 imperatori
893 3706 1108 3784 praeportabat3
1131 3724 1183 3764 nec
1202 3725 1281 3765 mar-

179 3789 291 3848 chiones
319 3809 386 3868 sen,
418 3797 451 3850 ut
479 3791 579 3848 Graeci
603 3791 762 3868 appellant,
791 3795 913 3850 mercerii
926 3809 1033 3849 nomen
1053 3791 1108 3849 hoc
1124 3783 1238 3871 'habent
1260 3809 1282 3850 a

178 3875 275 3932 vexillo
291 3894 341 3933 seu
363 3877 466 3948 bondo,
496 3877 548 3933 sed
569 3896 586 3934 a
608 3875 739 3933 limitibus
761 3876 881 3937 tuendis.
924 3875 1015 3934 marclc
1031 3877 1106 3934 enim
1127 3877 1280 3936 Germanis

179 3959 257 4018 limes
278 3967 330 4020 est.
372 3981 437 4021 narn
456 3960 557 4017 finibus
575 3959 757 4018 defendendis
787 3960 921 4038 praefecti
948 3967 1045 4037 erant,
1073 3961 1123 4037 qui
1143 3962 1282 4039 temporis

76 4061 99 4117 p
114 4062 166 4120 221
184 4063 335 4124 progressu
349 4047 388 4102 ad
407 4044 589 4121 amplissimas
605 4063 673 4121 opes
688 4045 894 4122 latissimosque
906 4047 1078 4124 principatus
1092 4053 1282 4105 emerserunt:

184 4131 365 4202 qualisenim
381 4134 410 4187 et
432 4145 515 4202 quam
528 4135 633 4206 potens
646 4131 780 4188 marchio
800 4131 1064 4208 Brandeburgicus,
1085 4132 1209 4190 marchio
1223 4131 1284 4190 Ba-

183 4213 294 4290 densis‚
313 4213 434 4272 marchio
453 4213 678 4291 Onspachensis‚
698 4215 820 4276 marchio
837 4215 994 4293 lictoriae,
1014 4216 1137 4275 marchio
1157 4216 1284 4294 Burgoi-

183 4313 233 4355 cus
249 4305 278 4358 et
301 4297 367 4367 alii?
408 4298 469 4377 ipse
483 4299 581 4384 *etiam
605 4299 723 4374 Nicetes
753 4301 906 4364 choniates
932 4300 992 4369 l'7
1020 4301 1058 4360 de
1083 4301 1168 4362 rebus
1189 4303 1285 4380 gestis
1382 4353 1383 4378 1
