2798 4690
477 285 907 380 necennensium.
1168 309 1244 406 eor

148 467 496 531 lumnanecasanboous
508 469 594 530 insilit
614 469 734 532 Euenit
758 476 796 537 13
818 473 848 534 in
868 470 1072 533 celeberrimum
1091 471 1241 538 Annalium

148 559 328 636 scriptorem,
344 555 595 632 incirritqueetiam
609 556 794 616 antechristi
812 559 963 618 adventum
985 558 1050 618 alibi
1070 561 1156 621 fuisse
1176 565 1240 623 fon-

148 649 193 702 tes
206 642 333 716 vinosos,
356 646 502 716 testesque
515 640 615 700 laudat
626 640 782 701 Vitruvium
796 641 915 702 Plinium
932 650 963 703 et
979 641 1089 722 eclogas
1108 647 1241 710 Sotionis.

148 727 186 786 ad
205 726 274 802 quid
291 725 360 784 haec
375 726 428 783 nisi
446 727 484 784 ad
503 727 653 785 texendum
672 726 858 787 camunni
896 726 1035 787 Batonius
1048 749 1107 789 non
1124 732 1191 792 dicit
1207 754 1240 794 se

147 829 205 870 non
218 811 376 868 meminisse
390 811 468 885 quod
480 809 579 888 legerit
602 810 689 868 ullum
708 819 849 874 auctorem
869 813 919 888 qui
940 813 1060 872 sontium
1082 815 1242 882 vinosorum

147 901 215 954 ante
235 894 379 953 Christum
397 894 566 955 meminerit:
596 895 648 954 sed
670 897 710 955 ait
729 916 761 956 se
787 915 845 958 non
870 897 1027 956 meminisse
1050 901 1127 975 quod
1154 900 1240 964 ullum

147 979 254 1040 Christi
267 979 443 1039 nativitatem
455 987 649 1059 antegressum
662 979 777 1060 legerit,
798 982 846 1056 qui
866 981 938 1040 duos
956 1000 1043 1061 supra
1061 1002 1095 1042 ex
1113 983 1240 1065 Epipha-

146 1064 194 1123 nio
216 1065 354 1122 adductos
377 1064 469 1122 sontes
491 1071 521 1124 et
540 1065 637 1125 Nilum
658 1067 772 1126 fluvium
796 1067 826 1125 in
851 1065 946 1125 vinum
967 1067 1118 1144 aliquando
1142 1090 1239 1132 versos

68 1157 70 1160 '
148 1166 211 1207 esse
227 1147 272 1206 vel
288 1149 359 1206 verti
380 1149 530 1230 scripserit.
572 1156 603 1208 et
617 1150 671 1209 hoc
687 1149 771 1229 louge
786 1150 866 1209 aliter
883 1151 968 1210 tinnit
985 1146 1070 1227 duam
1086 1151 1163 1229 quod
1183 1157 1240 1218 Ba-

147 1233 228 1294 ronio
245 1234 382 1312 impostor
400 1233 591 1294 fraudulenter
610 1235 738 1314 imponit
778 1237 831 1294 sed
850 1234 957 1295 absisto
980 1236 1061 1314 hinc,
1091 1258 1127 1297 ne
1146 1248 1241 1303 actum

147 1336 246 1396 agnum
267 1318 323 1376 iam
339 1317 413 1376 enim
428 1318 629 1388 Beroninmah
642 1321 695 1379 hac
708 1325 738 1378 et
749 1319 843 1379 multis
856 1319 916 1377 aliis
929 1321 1164 1383 criminationibus
1183 1328 1240 1386 Ca·

145 1401 324 1462 sanbonienis
355 1402 497 1482 praeclare
523 1405 673 1464 vindicavit
700 1409 798 1464 noster
820 1403 986 1464 Heribertus
1017 1404 1183 1470 Rosveidus
1211 1413 1241 1474 in

146 1485 225 1566 Lege
244 1486 356 1547 talionis
378 1490 418 1551 12
432 1488 590 1549 tabularum
603 1495 633 1550 et
644 1491 674 1548 in
686 1488 862 1568 Anticapello
875 1508 935 1550 suo.

228 1610 355 1672 Fuerunt
370 1619 400 1671 et
417 1611 499 1688 alibi,
526 1613 578 1670 sed
602 1619 681 1672 extra
700 1614 864 1693 epiphaniae
879 1613 1003 1692 festum,
1033 1633 1129 1676 amnes
1149 1620 1240 1681 vinosi

146 1701 178 1754 et
196 1696 290 1756 fontes
309 1697 399 1756 lactei.
441 1697 584 1773 Sylvester
608 1698 741 1778 Giraldus
760 1700 790 1757 in
810 1699 957 1758 itinerario
978 1701 1126 1761 Cambriae
1151 1709 1173 1768 2
1203 1712 1239 1768 1:

146 1781 195 1839 hoc
213 1783 280 1841 nihi
293 1782 409 1841 notohdc
428 1783 531 1840 uidetur
547 1783 617 1861 qnod
634 1786 729 1842 nortn’s
743 1783 833 1843 dicbus
853 1788 910 1842 ton
930 1785 1043 1857 tironum
1062 1786 1132 1846 banc
1155 1786 1240 1868 (Alu-

145 1863 227 1944 num)
247 1869 309 1925 uino
334 1883 442 1926 nonore
466 1885 543 1944 nun
554 1866 673 1946 sontem,
694 1887 769 1948 pann
784 1867 867 1929 Picti!
882 1867 976 1943 Dewi,
1001 1870 1126 1949 fistulam
1146 1871 1240 1936 Dooid

146 1956 262 2028 amant,
283 1950 328 2010 loc
342 1951 446 2010 stitture
462 1957 618 2032 conpertum
633 1958 682 2010 cst.
1092 1991 1095 1998 ι

229 2071 376 2134 Addamus
398 2081 428 2134 et
447 2073 515 2154 hoc,
532 2073 649 2152 'aquam
673 2074 820 2154 Iordanis,
845 2082 997 2158 postquam
1021 2095 1083 2137 eam
1109 2079 1240 2140 Christus

145 2165 277 2222 contactu
297 2167 327 2220 et
349 2161 490 2240 baptismo
508 2181 561 2220 suo
581 2163 766 2239 consecravit,
795 2162 1007 2241 incorruptionis
1020 2181 1133 2222 munere
1149 2167 1239 2225 dona-

145 2250 205 2305 tam
228 2263 297 2304 esse.
337 2245 473 2305 illustriss.
495 2247 625 2327 princeps
643 2246 776 2306 Nicoleus
790 2246 1009 2332 christophorus
1030 2247 1192 2310 Radzivilus
1206 2252 1237 2310 in

144 2349 198 2391 suo
218 2330 417 2410 Hodoeporico
437 2331 705 2409 iherosolymitanot
736 2350 834 2412 opion
858 2333 936 2392 ualde
958 2333 1091 2394 turbidum
1110 2333 1237 2395 lordum

145 2413 240 2491 babet,
268 2417 317 2476 ted
338 2416 482 2490 rdubrcm,
511 2437 580 2497 qnae
602 2419 631 2475 in
652 2435 716 2476 unse
741 2423 878 2478 carnunto
902 2437 1036 2494 nunquam
1051 2425 1233 2498 conurnpitnr,

142 2506 222 2579 prout
240 2502 271 2559 in
297 2521 329 2560 eo
346 2519 426 2578 own
448 2501 533 2562 attoti
551 2519 649 2564 nennn
666 2501 846 2564 indubitanter
861 2521 919 2563 snm
937 2508 1063 2582 capntna
1104 2502 1174 2566 haec
1191 2505 1234 2567 in-

143 2583 237 2660 clytus
255 2585 301 2644 ille
316 2587 454 2667 princeps.

228 2709 303 2770 Illud
315 2711 436 2789 denique
452 2712 568 2790 dignum
581 2729 681 2771 censeo
695 2710 773 2788 quod
786 2711 965 2790 observetur,
985 2709 1150 2774 Donatistas
1168 2712 1234 2772 olim

144 2793 175 2853 iu
191 2791 287 2855 Africa
303 2798 470 2876 epiphaniae
487 2799 591 2856 festum
610 2816 667 2856 non
687 2796 858 2875 celebrasse,
875 2804 908 2857 ut
920 2803 1042 2856 testetur
1055 2801 1085 2858 S.
1099 2799 1236 2876 Augusti-

145 2897 199 2938 nus
220 2881 308 2941 Serm.
330 2887 372 2947 32
392 2885 428 2941 de
449 2881 591 2963 Tempore
610 2881 654 2940 his
674 2881 783 2940 verbis:
811 2887 1000 2954 neritoistnm
1022 2884 1090 2944 diem
1102 2903 1237 2962 nunquan

144 2966 276 3026 nobiscnm
300 2968 426 3028 henotici
448 2967 607 3028 Donatistae
626 2967 753 3026 celebrare
772 2967 926 3043 udnnnnt,
959 2970 1023 3045 poio
1043 2988 1089 3028 nec
1106 2973 1236 3028 unitatem

146 3056 255 3126 amant,
277 3071 324 3110 nec
341 3053 476 3112 Orientali
490 3053 629 3126 eccleciae,
648 3052 696 3111 nbi
710 3054 836 3130 apparuit
852 3053 904 3112 illu
920 3052 1014 3126 stelin,
1031 3057 1235 3112 communicant:
1253 3059 1274 3116 Ρ
1289 3059 1341 3115 23⁰

145 3150 193 3190 nor
217 3140 304 3194 outnn
327 3137 562 3216 monifnntionnn
583 3137 689 3196 *donini
712 3141 738 3194 et
763 3137 908 3196 ancnoris
928 3142 1014 3200 nortrr'
1037 3135 1100 3198 lesa
1127 3138 1238 3212 Christi,

147 3221 212 3296 qnia
224 3223 362 3298 primitias
379 3225 498 3296 gentium
513 3221 661 3295 delibavit,
682 3223 711 3280 in
728 3222 833 3281 unitate
847 3224 966 3299 gentium
984 3221 1149 3281 celebramus.

146 3363 242 3468 ...e
255 3346 363 3470 {ion
378 3342 530 3472 nent
543 3346 1238 3500 uinunt:susannense*u

146 3484 223 3538 missa
240 3485 360 3544 secundo.
379 3487 513 3541 secundem
531 3487 743 3542 consecrationem
766 3486 849 3554 tangit
869 3489 931 3538 haec
949 3485 1036 3538 dictio.
1064 3503 1146 3556 aquae
1161 3488 1237 3542 istius

145 3553 336 3607 benedicendae
352 3555 426 3608 ntum
442 3557 547 3609 exhibet
563 3555 747 3624 Euchologium
764 3556 811 3608 sub
829 3555 876 3606 hoc
897 3553 986 3607 titulos
1010 3549 1169 3610 ἀκολουθία
1185 3557 1238 3610 cori

145 3616 266 3690 μεγάλου
283 3617 420 3692 ἄγιασμοῦ
432 3625 487 3678 caio
506 3621 593 3694 ἁγίων
610 3623 795 3692 θεοφανείων.
821 3622 900 3676 oflicii
922 3623 1067 3693 rituumque
1083 3626 1236 3708 interpreta-
1274 3640 1276 3646 ·

147 3690 241 3746 nonen
257 3693 493 3763 quantuluscunque
508 3694 581 3748 labor
602 3699 691 3747 noster
712 3692 818 3766 adiecith
842 3691 1017 3745 ecclesiasticis
1037 3691 1073 3745 ibi
1093 3693 1237 3760 elucidatis,

146 3774 203 3814 cum
220 3760 319 3816 (iodim
335 3762 463 3816 mcducte
477 3763 616 3818 dirimente
634 3761 718 3817 aulim
732 3778 808 3832 quam
823 3760 938 3815 breviter
951 3761 1137 3833 prosequimur.

215 3871 292 3926 ilar.
310 3872 337 3925 6.
355 3868 472 3942 λαμπάς]
488 3873 521 3926 de
536 3872 670 3928 luminibus
685 3888 758 3926 sacro
775 3873 831 3926 cuir
845 3866 947 3938 paim
962 3870 1004 3924 die
1020 3870 1047 3924 in
1063 3870 1172 3925 ecclesia
1187 3885 1239 3924 eo·-

148 3941 231 3994 uensie
243 3941 373 4011 superflue
383 3948 477 3995 tractet
486 3943 528 3996 hic
540 3943 695 3997 whohestes.
707 3942 816 3996 adverto
825 3940 982 3994 nihilominus
991 3936 1134 4009 λαμπάδος
1143 3955 1235 3993 nomen

147 4009 311 4075 solemnitati,
328 4010 429 4080 deque
444 4011 582 4080 loquimur,
603 4011 666 4064 adeo
689 4027 736 4081 pro
755 4011 817 4064 rium
838 4010 962 4064 redditum
979 4015 1008 4062 ut
1030 4009 1098 4061 cerei
1112 4009 1160 4061 boc
1175 4008 1233 4062 solo

43 4123 45 4126 .
147 4077 188 4132 die
204 4079 306 4133 accensi
320 4079 450 4140 illuuiem
472 4081 522 4134 sibi
539 4080 667 4134 vindicent
683 4029 755 4150 apud
772 4081 882 4148 vulgus3
906 4079 970 4131 elias
987 4075 1191 4162 ‘quandocunque
1204 4075 1232 4127 iu

147 4162 217 4198 usuro
237 4146 353 4210 veniunt,
368 4148 452 4218 κηροί
465 4155 492 4202 ct
509 4147 592 4219 κηρία
608 4155 792 4220 nuncupantur.
809 4164 886 4220 porro
901 4150 1010 4215 inpune
1031 4144 1165 4208 hodierna,
1183 4160 1231 4196 ceu

146 4211 347 4280 fabrefacta
362 4220 428 4272 mole
444 4217 571 4273 confletur
586 4219 628 4272 vel
643 4217 770 4271 coloribus
783 4217 900 4304 pingitur
922 4231 954 4268 ec
973 4213 1037 4268 ardo
1058 4217 1130 4265 tanta
1146 4212 1232 4266 varie·

145 4289 203 4340 tate
219 4285 355 4343 adornatur
371 4296 401 4344 ut
414 4289 480 4346 inter
495 4288 608 4360 reliquos
622 4304 711 4344 cereos
726 4282 872 4359 intepuere
888 4281 1018 4344 verissime
1033 4280 1158 4339 videatur.
1174 4282 1232 4338 hinc
1321 4325 1323 4330 ,
