2822 4684
497 277 542 344 ru
565 276 714 344 coorur
734 277 817 346 cor.
840 276 901 346 111.
1175 280 1250 348 arr
1298 261 1304 270 “

97 424 103 436 ’
149 436 245 494 Leonis
263 437 428 492 Grammatici
442 437 499 492 loco
517 437 662 514 addendusr
680 437 732 502 τοῦ
747 434 837 503 ντοδδρ
851 435 1045 509 κρατηθέντος
1061 427 1092 492 ἐν
1108 438 1146 510 τῇ
1161 435 1251 514 osolla

151 506 292 579 arotera-
308 501 323 562 ὁ
342 507 438 570 ἵππος.

235 619 263 676 p.
277 595 314 660 14
328 616 355 656 v.
371 597 391 661 5
411 593 582 677 τεφαλαρέα
595 597 655 655 sive
667 590 841 676 κεφάλαρον
858 597 929 656 freni
944 616 1026 676 pars,
1047 609 1120 672 quae
1138 597 1251 656 auribus

149 682 353 758 circumdatur,
375 691 449 756 qu'ae
469 699 552 740 aureo
579 681 724 742 dicebatur
743 683 884 740 veteribus
910 681 1038 760 Latinis,
1063 687 1137 742 teste
1155 683 1252 760 Festo,

151 767 187 825 ab
207 787 273 826 aure
292 767 408 845 utique,
427 785 485 827 non
507 766 543 845 ab
563 787 650 845 auro,
677 766 750 825 sicut
767 785 833 846 pars
853 767 967 828 inferior
987 767 1058 828 freni
1078 767 1178 826 dicitur
1192 789 1253 828 orec

150 853 187 912 ab
206 871 263 912 ore.
1210 851 1220 864 '

218 950 283 1004 ibid.
328 949 469 1004 Meursiusr
501 947 576 1020 freni
603 963 668 1018 φατι
694 964 761 1018 quus
793 949 900 1004 auritus
929 949 1115 1004 circumdatur.
1159 947 1253 1002 clarius

152 1034 217 1086 ego:
237 1021 358 1088 frontale
381 1019 423 1072 vel
450 1021 600 1088 capistrum.
635 1016 693 1088 pari
716 1017 796 1071 uerbo
816 1017 918 1088 scripsit
937 1019 1008 1088 prius
1025 1016 1176 1070 Nicatoris
1193 1019 1252 1070 Mu-

152 1087 228 1140 nuele
245 1087 264 1145 l.
281 1089 313 1142 5:
335 1088 570 1156 ντρομεττοπλδιον.
607 1079 665 1139 ἀλλ’
682 1074 720 1154 ἦν
736 1081 824 1154 ὁρᾶν,
847 1085 928 1156 iuquit
943 1087 1000 1151 illc,
1017 1088 1073 1140 τῶν
1090 1085 1184 1138 ἵππων
1204 1081 1254 1138 αὕ-

151 1157 208 1208 τῶν
224 1153 385 1226 διαδήματα
401 1155 623 1226 μασχαλιστῆρας
645 1150 877 1223 προφαινόντων,
899 1153 948 1208 καὶ
972 1151 1160 1222 προκειμένων
1182 1172 1253 1220 προ-

152 1224 306 1292 μετωπίδια
322 1223 371 1278 κοιλ
388 1225 589 1299 προστερνίδια,
601 1225 653 1292 τῆν
671 1221 818 1312 βλφμολτων
835 1218 970 1293 ἐρύματα.
1005 1224 1056 1276 alia
1073 1224 1122 1276 loci
1141 1223 1253 1278 eiusdem

153 1293 269 1362 vulgaris
293 1294 385 1346 lectio:
413 1290 457 1348 τοὶ
473 1289 563 1364 ἄλογα
587 1289 680 1348 αὐτοῖν
701 1289 887 1362 αρματαμὲνα
910 1285 979 1361 μετὰ
1002 1288 1184 1360 νεφαλαρέαν
1206 1290 1255 1346 καὶ

153 1358 327 1430 σαγισμοίτων
343 1363 523 1431 λωρικαινῶν.
558 1363 584 1416 in
611 1363 715 1416 candem
740 1369 847 1416 mentem
863 1368 1034 1432 usurpaverat
1051 1361 1191 1416 Slmccatta
1208 1380 1255 1416 us·

156 1427 302 1499 φοὶλαρονι
320 1437 461 1503 κοσμεῖται
480 1429 531 1502 μὶν
548 1431 634 1495 lance
650 1427 819 1500 αεφαλοίροιρ
834 1448 864 1486 τε
880 1431 930 1486 ναὶ
948 1426 1070 1506 briones,

236 1538 272 1599 ib.
288 1556 314 1595 v.
329 1541 358 1602 6.
376 1529 554 1620 οἷπφοὸρηται
571 1539 737 1615 φοροῦντα.
758 1537 890 1595 mendum
903 1536 1088 1596 manifestum„
1110 1537 1160 1594 sed
1183 1553 1255 1611 quo·

79 1645 82 1650 ·
152 1621 237 1680 modo
251 1621 477 1680 emendandrnn‘t
490 1639 558 1679 num
569 1621 719 1697 legendum
730 1621 851 1699 ‹poriru'l
866 1622 907 1679 ita
919 1621 1070 1697 aliquando
1080 1622 1255 1700 suspicabar,

153 1707 319 1786 praesertim
339 1727 402 1764 cum
423 1707 511 1783 infra,
532 1704 581 1762 ubi
602 1707 640 1763 de
660 1705 734 1785 pileo
753 1711 783 1764 et
802 1706 958 1782 insignibus
976 1705 1072 1783 magni
1093 1707 1255 1786 interpretis

153 1793 257 1870 agitur,
266 1790 364 1848 Iunius
380 1791 499 1848 ediderit
522 1793 641 1866 φοοῖταν
660 1784 813 1870 doctoris:
835 1795 865 1848 in
875 1795 1024 1849 summitate
1038 1791 1116 1850 uoles
1129 1795 1256 1866 eadgarum

151 1895 254 1956 papam
275 1878 393 1935 rubam.
419 1877 448 1933 in
471 1875 564 1932 indice
584 1875 788 1954 interpretatur
806 1875 903 1934 Iunius
925 1874 1050 1954 puellum.
1079 1893 1152 1950 quae
1174 1875 1256 1933 lectio

156 1961 241 2019 etiarn
261 1961 432 2040 applicanda
448 1960 559 2018 videtur
580 1959 620 2018 illi
636 1959 697 2018 loco
714 1979 737 2018 c.
754 1959 787 2024 5:
809 1957 882 2040 uerri
904 1965 967 2022 cciv
988 1955 1176 2040 φορούντων.
1210 1960 1258 2017 lu·
1280 1977 1301 1996 ‘¹

156 2046 219 2104 nius
234 2065 294 2104 cum
307 2050 381 2124 equis
390 2044 585 2122 agminalibus,
607 2050 637 2103 et
650 2044 679 2103 in
691 2045 783 2103 indice
800 2041 836 2106 rol
853 2048 1009 2123 φοροῦντα
1028 2048 1089 2122 oqui
1103 2046 1259 2120 agnisculos.

156 2137 188 2190 at
202 2131 271 2207 quid
287 2130 311 2188 si
326 2131 413 2189 ethic
430 2126 578 2208 quossis?
603 2148 661 2190 cusa
676 2133 831 2189 aucmentis
848 2136 875 2189 ct
883 2129 1023 2208 plutoris?
1041 2131 1149 2188 accedit
1172 2129 1258 2188 Glos-

157 2217 262 2275 sarium
287 2214 405 2294 Isidori,
427 2215 471 2273 cui
500 2219 664 2274 ornamenta
687 2215 854 2275 camelorum
877 2221 908 2288 et
930 2215 1063 2296 phalerae
1087 2221 1154 2274 sunt
1177 2215 1260 2288 buda,

157 2301 259 2376 exiguo
284 2319 353 2358 sane
371 2322 388 2361 a
407 2299 544 2358 vocabulo
566 2301 653 2378 pluto
673 2301 836 2360 discruuiue.
871 2303 923 2360 sed
945 2301 1094 2378 legendum
1114 2306 1143 2359 et
1168 2299 1259 2358 hicet

158 2385 225 2445 alibi
238 2390 340 2465 τοῦφα
354 2383 441 2468 (idem
450 2382 488 2446 rol
502 2379 615 2460 τούφια
629 2404 679 2442 scu
692 2381 826 2470 τουφία.)
842 2393 887 2445 est
897 2393 992 2446 autern
1005 2390 1106 2464 τοῦφα
1115 2387 1259 2464 paruulum
1278 2435 1281 2442 ,

153 2471 334 2551 flammulam.
375 2470 526 2530 Mauricius
548 2470 675 2548 Strateg.
690 2473 710 2533 2
725 2477 762 2537 2:
784 2473 928 2544 κασσλδας
944 2465 1070 2551 ἐχούσας
1085 2471 1198 2549 τοοφλα
1212 2494 1261 2550 μι-

157 2551 227 2637 αρά.
253 2556 341 2615 idem:
362 2551 457 2634 μικροὶ
477 2556 590 2632 τουφλα
612 2551 688 2617 κατὰ
714 2559 776 2616 τοῖν
798 2549 999 2619 ὄπισθελλνων
1022 2556 1074 2617 καλ
1097 2549 1261 2616 ἄντολίνων

114 2685 127 2698 .
158 2640 340 2702 τσῖνῗττττων.
355 2640 443 2699 idem:
457 2640 570 2717 τοοφλα
582 2639 625 2714 εἰς
638 2636 691 2712 τας
705 2632 902 2714 ὅστοθελλνας
914 2639 1050 2722 τέσσαρα.
1063 2641 1161 2698 eadem
1174 2641 1262 2698 femie
1285 2631 1289 2656 ¹

159 2724 220 2785 Leo
233 2726 387 2806 imperator
403 2725 558 2784 Constitut.
584 2729 619 2802 6,
642 2726 689 2783 ubi
711 2731 856 2804 praeterea
874 2725 990 2802 requirit
1008 2721 1187 2804 κορυφᾶδην
1205 2727 1262 2784 τοῦ

159 2811 256 2874 ἵππου
269 2811 379 2889 τοοφλν
396 2809 450 2890 (sic
464 2811 538 2871 euim
557 2809 707 2887 legendum
726 2829 788 2869 esse
805 2817 887 2890 patet
906 2830 941 2870 ex
958 2810 1093 2870 Mauricio
1112 2811 1192 2889 ¹apud
1210 2808 1248 2868 Ri

160 2896 277 2973 galtium
299 2917 326 2956 v.
345 2892 473 2974 τούφια)
491 2900 523 2955 irs
541 2900 638 2954 uertice
660 2899 721 2974 equi
732 2897 920 2975 flammulam,
940 2895 1056 2954 alteram
1074 2893 1259 2976 διτογὲνειον,
1277 2906 1299 2961 Ρ
1318 2907 1369 2962 196

161 2982 209 3040 sub
230 2989 323 3042 meato.
345 2999 380 3039 es
395 2981 438 3038 his
452 2980 533 3039 facile
547 2981 601 3039 erit
614 2979 722 3056 vettere
736 2987 766 3039 et
782 2981 920 3062 explicare
938 2981 1000 3040 loca
1017 2980 1131 3039 Codini:
1154 2999 1219 3038 nam
1237 2981 1261 3040 is

163 3083 246 3140 quem
263 3085 331 3143 prae
348 3066 475 3124 manibus
487 3065 638 3143 habemus,
659 3066 700 3125 sic
721 3067 800 3124 reddi
820 3067 924 3143 debet,
944 3071 973 3126 ιἰι
988 3066 1080 3145 fronte
1094 3066 1131 3124 ad
1152 3085 1263 3126 auream

157 3151 235 3229 freni
244 3151 340 3228 pendet
350 3151 434 3230 tuplra
448 3171 494 3210 scu
510 3149 661 3230 flammula.
682 3157 712 3210 et
725 3151 771 3210 illc
786 3151 873 3228 alter,
894 3172 948 3230 pro
969 3147 1168 3230 φορούντων,
1190 3147 1265 3229 μετὰ

162 3237 225 3296 ruia
237 3237 379 3309 τουφολν,
400 3254 458 3294 cum
468 3237 615 3314 flommdis
631 3242 656 3294 ct
669 3237 732 3296 ultis
747 3241 905 3296 ornamentis
920 3238 1090 3313 equestribus.
1108 3235 1200 3294 valeat
1215 3235 1263 3295 Iu-

162 3319 228 3379 nius
248 3337 310 3376 cum
329 3319 386 3376 suis
403 3323 478 3397 equis
496 3322 686 3395 agminalibus.
704 3322 787 3379 tertio
806 3321 868 3380 loco
891 3320 1015 3379 similiter
1037 3319 1202 3379 medicinam
1220 3323 1264 3381 fa-

163 3405 238 3481 ciae,
266 3404 291 3462 si
315 3404 470 3463 substituas
495 3399 605 3486 μιαρδν
628 3409 747 3483 τοῦφαν
771 3400 921 3484 ἔρυδρσλν,
943 3410 1068 3482 ιοὶραοοι
1087 3405 1196 3482 topicam
1213 3425 1265 3464 scu

159 3489 302 3570 portuum
324 3490 495 3568 flammulam
510 3509 685 3572 purpuream,
707 3485 873 3568 Iuniumque
889 3509 954 3550 cum
972 3509 1024 3550 sua
1039 3507 1128 3570 paruo
1143 3509 1218 3572 φαμα
1233 3497 1264 3550 et

163 3575 256 3656 φαολλα
275 3576 413 3634 facessere
424 3574 529 3634 iubeas.

250 3692 389 3752 Sollicitat
407 3690 547 3770 Rigaltius
562 3693 645 3752 alium
664 3692 756 3751 locum
772 3691 962 3772 Curopalatae
981 3692 1071 3754 nostri
1092 3714 1116 3754 c.
1142 3694 1198 3771 17,
1217 3693 1267 3753 ubi

165 3778 210 3836 bis
224 3773 332 3858 τούβια
342 3779 435 3837 editur
448 3784 478 3837 et
490 3778 599 3856 legitur.
620 3779 714 3837 mallet
728 3779 790 3859 ipse
804 3780 926 3858 τούφια.
945 3780 1078 3840 reclamat
1092 3779 1267 3838 Glossarium

166 3863 251 3943 mole,
278 3865 423 3942 inquiens,
449 3868 562 3942 τοοφλα
587 3869 617 3922 et
640 3861 785 3940 τοαφλοον
802 3864 850 3922 Ιιοσ
868 3865 923 3924 λοοο
940 3871 1074 3925 restituere
1094 3870 1198 3923 tentant
1214 3868 1270 3924 utri

169 3949 257 4025 docti,
276 3950 364 4024 idest
378 3948 534 4027 Rigaltius3
554 3949 584 4007 in
600 3967 656 4025 quo
668 3949 768 4008 iudicio
784 3949 920 4013 Glossarii
933 3951 1052 4010 libenter
1069 3948 1224 4024 acquiesco.

238 4065 311 4120 ιλιι.
325 4066 350 4120 6.
383 4063 477 4132 corios
494 4063 547 4116 alia
570 4062 693 4129 hominis,
715 4065 767 4118 alla
791 4063 859 4134 equi.
894 4064 939 4120 illa
962 4065 1036 4130 tiara
1060 4070 1099 4118 cst
1124 4067 1152 4116 et
1175 4061 1267 4132 capitis
1332 4053 1334 4063 ⁴

169 4133 302 4199 velamen,
321 4135 386 4188 haec
403 4151 482 4204 apoc,
499 4133 583 4187 serica
598 4135 740 4204 panicula,
760 4136 841 4189 crista
856 4134 1003 4218 plumatilis
1020 4135 1062 4186 uel
1079 4149 1204 4202 gemmea.
1235 4131 1268 4182 do

167 4202 249 4272 prima
267 4203 381 4258 Zonaras
396 4194 425 4256 lu
443 4202 538 4256 Basilio
554 4201 794 4286 Porphyroqeuitos
822 4221 906 4274 τιαρᾳ
924 4199 1084 4263 ταινιωδεὶς
1107 4197 1210 4272 ὀρθία,
1231 4194 1268 4267 ἣν

167 4271 278 4340 τοῦφαν
294 4275 378 4328 καλεῖ
390 4267 406 4326 ὁ
425 4268 557 4344 δημώδης
573 4274 620 4329 καλ
643 4275 730 4336 actuo
752 4267 924 4342 ἄνθρωπος,
946 4267 1054 4338 τύφον,
1077 4264 1171 4339 οἶμαι,
1199 4263 1268 4322 ὠνο-
