2782 4686
454 313 512 380 DE
539 313 717 384 obruens
742 315 802 383 GP.
826 315 910 384 GAP.
936 317 962 384 1.
1232 319 1254 388 5

260 482 308 550 ‘H
319 485 405 572 τρίτη
424 483 543 564 πεντάς.
579 484 596 552 5
618 481 809 575 ἱερομνήμων
830 491 872 566 είς
894 487 929 556 td
951 489 1073 572 βλέπειν
1091 490 1147 568 τάς
1167 490 1256 572 εὐχάς

161 583 291 656 incudm
311 595 366 656 τοῦ
385 589 547 677 ἀρχιερέωςΙ
552 637 563 670 ,
583 598 702 679 κρατῶν
719 591 774 658 τδν
791 592 1012 679 ένθρονιασμδν
1029 596 1080 659 καλ
1096 591 1131 660 τδ
1147 590 1255 660 κοντά-
1271 600 1294 654 Β

162 719 229 758 κιον
250 699 306 778 τῆς
324 696 522 780 χειροτονίας.
622 690 638 758 5
655 696 707 788 dni
723 701 783 762 τῶν
798 694 948 781 γονάτων,
974 705 1094 784 κρατῶν
1106 695 1141 762 τδ
1155 699 1258 781 ἐπιγο·

163 793 268 860 νάτιον
287 801 344 861 τοῦ
362 795 533 883 ἀρχιερέως.
633 793 650 861 5
674 799 722 862 έπλ
744 804 804 866 τῶν
826 799 955 883 δεήσεων
972 801 1132 886 ἀπέρχεται
1148 805 1189 876 είς
1204 800 1258 866 τάν

135 897 293 980 epicedio
310 895 386 986 ὑπὲρ
407 907 469 966 τῶν
488 900 705 982 ἀδικουμένων.
807 899 824 968 5
843 904 892 966 ἓπλ
911 909 972 970 τῶν
994 905 1142 991 σεκρέτων
1161 905 1203 979 εἷς
1222 901 1258 968 cd

161 999 271 1069 norim
283 1000 335 1068 τὸν
349 1001 425 1068 λαὸν
439 1005 486 1068 ε’πδ
500 1002 536 1069 τδ
553 1005 672 1092 κρίνειν.
728 1007 750 1046 '·
774 1003 791 1073 5
812 1007 861 1070 ἐπὶ
878 1012 933 1092 τῆς
949 1006 1033 1095 ἱεροῖς
1047 1003 1260 1083 καταστάσεως

161 1103 212 1182 εἷς,Δ
222 1104 257 1172 cd
275 1113 369 1170 ποιεῖν
383 1106 521 1184 εὐταξίαν
534 1107 617 1184 έντδς
631 1113 688 1174 rori
700 1104 850 1192 βήματος.

260 1203 309 1272 Ἡ
329 1205 457 1295 τετάρτη
483 1208 601 1287 πεντάς.
645 1209 661 1278 5
696 1209 933 1296 ὑπομιμνήσκων
961 1215 1003 1290 είς
1029 1211 1065 1278 τδ
1091 1213 1299 1294 inrepitete

161 1311 217 1376 τδν
236 1309 376 1397 ἀρχιερέα
396 1321 559 1396 μυστικῶς.
658 1311 675 1380 5
692 1315 877 1392 διδάσκαλος
890 1321 946 1382 rori
956 1317 1145 1401 etayyettoe.
1165 1313 1262 1400 ἑρμη-

120 1432 155 1485 10
164 1411 260 1480 νεύων
274 1414 358 1482 αὐτό.
406 1483 418 1509 ,Ι
455 1414 476 1511 ¹5
495 1413 682 1495 διδάσκαλος,
689 1425 745 1485 rori
759 1418 929 1488 ἀποστόλου
935 1467 946 1499 ,
973 1417 1144 1505 ἕρμηνεύων
1161 1416 1262 1484 αὐτόν.

162 1513 180 1582 5
198 1515 384 1595 διδάσκαλος
398 1526 453 1584 τοῦ
468 1502 642 1607 ψαλτηρίου
656 1527 698 1599 εἰς
709 1523 745 1588 τὸ
758 1521 929 1612 ἑρμηνεύειν
941 1521 1027 1588 αὐτό.
1128 1519 1144 1593 ὅ
1159 1518 1262 1610 ῥήτωρ

150 1697 151 1702 1
164 1625 207 1699 είς
223 1619 258 1688 τὸ
274 1619 446 1708 ἑρμηνεύειν
458 1625 514 1701 τὰς
527 1621 661 1714 γραφάς.
952 1617 956 1634 ’

261 1721 310 1790 ‘H
326 1727 446 1810 πέμπτη
471 1724 588 1805 πεντάς.
625 1725 643 1794 5
656 1727 760 1815 ἀρχων
773 1734 834 1795 τῶν
846 1728 1071 1814 prorumpitur,
1085 1725 1173 1812 ,ἔχων
1184 1727 1263 1810 μετά

161 1833 221 1893 τοῦ
233 1825 363 1912 μεγάλου
378 1833 578 1914 σακελλαρίου
588 1832 643 1916 τὴν
656 1838 717 1898 τῶν
730 1835 942 1920 μοναστηρίωυ
953 1829 1069 1916 ίνοχήν.
1170 1828 1186 1896 5
1201 1829 1259 1917 ἀρ·
1277 1847 1301 1900 D

117 1947 155 2004 15
162 1954 230 2013 χων
243 1935 304 1995 τῶν
318 1933 491 2016 ἐκκλησιῶν,
513 1931 589 2016 έχων
601 1934 656 2016 τὴν
670 1935 776 2019 ένοχὴν
792 1943 852 2001 τῶν
868 1939 1031 2017 ἐκκλησιῶν
1044 1933 1122 2019 μετδ
1136 1941 1192 1999 τοῦ
1205 1959 1264 1997 σα·

163 2033 297 2099 κελλίον.
398 2031 414 2098 5
431 2033 534 2121 ἀρχωυ
549 2043 604 2101 τοῦ
619 2038 790 2122 εὐαγγελίου
805 2041 847 2114 εἰς
859 2039 894 2102 τὸ
913 2047 1033 2124 κρατεῖν
1043 2039 1138 2102 Ιτοῦτο
1157 2037 1265 2110 εἰςτὰς

162 2133 261 2212 λιτάς.
366 2135 382 2200 5
403 2135 507 2222 ἀρχων
525 2144 585 2203 τῶν
603 2135 734 2224 φώτων,
761 2138 836 2222 ἴχων
856 2139 912 2220 τὴν
935 2137 1040 2220 ίνοχὴν
1062 2144 1123 2202 τῶν
1147 2162 1267 2224 νεοςυω-

161 2241 283 2304 τίστων.
387 2235 403 2303 ὃ
426 2239 530 2325 ἀρχων
548 2245 609 2307 τῶν
629 2240 839 2326 ἀντιμινσίων,
865 2239 993 2328 εἰσάγων
1007 2239 1079 2317 τούς
1093 2239 1265 2329 εἰσερχομέ-

162 2367 235 2419 νους
251 2345 293 2418 εἰς
309 2340 365 2423 udi
378 2337 472 2426 ἀγίαν
481 2341 663 2427 μετάληψιν.

121 2463 157 2516 20
263 2442 311 2510 ‘H
327 2444 396 2528 έκτη
416 2443 534 2521 πεντάς.
570 2442 586 2511 5
615 2452 735 2533 πρῶτος
763 2442 931 2532 δστιάριος,
967 2452 1087 2532 κρατῶν
1117 2444 1174 2521 τδς
1200 2441 1264 2513 δά-

165 2575 222 2636 ρας
250 2552 293 2624 είς
319 2547 375 2624 τάς
393 2550 587 2636 χειροτονίας.
689 2547 705 2613 5
730 2546 868 2636 δεάτερος
888 2545 1058 2636 ὐστιάριος,
1086 2553 1207 2636 κρατῶν
1228 2549 1263 2616 rd
1281 2564 1337 2622 1³4

154 2726 158 2732 “
232 2723 374 2794 deceptio
389 2725 411 2779 P
430 2725 468 2796 (i.
488 2745 512 2782 e·
529 2726 612 2782 editio
628 2727 818 2800 Purisiensir),
835 2726 946 2798 sporcio
961 2743 1051 2797 margo

234 2880 344 2936 Tertius
358 2880 503 2952 quinarius.
530 2881 748 2938 hleromnemonis
763 2899 854 2937 munus
871 2888 913 2936 est
927 2899 996 2954 pone
1010 2880 1185 2952 patriercham
1200 2899 1264 2952 pre-

164 2968 210 3006 ces
232 2950 378 3020 inspicere3
404 2952 535 3022 habetque
558 2969 607 3007 sue
629 2954 658 3006 in
680 2961 813 3022 potestate
837 2950 1056 3006 enthronissmnm
1075 2959 1103 3004 et
1119 2951 1265 3006 contacium

164 3039 212 3076 seu
230 3020 325 3074 librum
342 3020 525 3076 ordinationis.
628 3022 674 3096 qui
690 3041 705 3076 a
722 3023 834 3092 genibus
853 3032 911 3088 est,
927 3038 975 3074 sue
990 3021 1019 3074 in
1035 3027 1167 3090 potestate
1183 3021 1265 3074 habet

164 3090 357 3158 supergenuale
373 3091 547 3158 patriarchae.
653 3093 803 3162 praefectus
821 3091 965 3160 supplicum
983 3091 1121 3161 precibus,
1146 3107 1194 3160 pro
1212 3089 1265 3142 illis

164 3159 212 3229 qui
235 3159 332 3212 iniuria
355 3160 518 3229 afficiuntur,
545 3162 578 3215 ad
600 3160 784 3282 imperatorem
809 3161 918 3214 accedit.
1021 3159 1078 3212 eius
1098 3157 1143 3279 spui
1161 3167 1264 3212 secreto

166 3236 274 3299 praeest
290 3245 382 3282 munus
400 3235 502 3297 estut,
526 3231 586 3283 dum
602 3231 629 3282 iu
648 3230 701 3282 icia
717 3230 862 3299 habentur,
888 3228 1011 3298 populum
1028 3227 1056 3280 in
1074 3229 1102 3279 os
1122 3227 1162 3279 cie
1179 3227 1267 3280 centi-

165 3305 237 3352 neet.
341 3299 491 3367 praefectus
508 3317 600 3352 sectae
617 3299 738 3352 stationis
758 3299 817 3368 (qui
834 3297 998 3353 moderandis
1015 3297 1130 3351 moribus
1146 3297 1266 3364 praeest)

166 3372 241 3420 curat
258 3369 287 3419 ut
303 3367 373 3421 intra
388 3385 491 3424 sacrum
507 3365 636 3438 tribunal,
661 3385 709 3422 seu
725 3367 796 3422 intra
814 3365 911 3437 ultore,
938 3366 1043 3420 debitus
1061 3375 1089 3419 et
1105 3365 1265 3420 conveniens

166 3438 231 3491 ordo
248 3438 414 3490 observetur.
599 3447 603 3454 '

235 3504 353 3567 Quartus
370 3505 516 3576 quinarius.
543 3505 658 3560 monitor
673 3521 721 3559 seu
736 3509 877 3572 suggestor
893 3504 927 3558 ad
944 3503 994 3556 boo
1009 3503 1165 3558 constitutus
1181 3507 1266 3556 estut

165 3573 332 3644 patriarchae
353 3575 434 3629 tacite
449 3584 574 3644 suggerat
591 3585 620 3630 ct
636 3576 664 3628 iu
680 3575 830 3629 memoriam
847 3579 965 3627 revocet.
1067 3574 1160 3626 doctor
1183 3589 1267 3626 erun-

155 3643 245 3716 sgelii,
270 3644 316 3713 qui
336 3643 526 3714 interpretetur
547 3645 621 3700 iilud.
724 3643 817 3698 doctor
833 3641 959 3712 apostoli,
985 3640 1031 3711 qui
1047 3641 1116 3696 ilbus
1132 3641 1266 3710 interpres

166 3720 219 3766 est.
322 3714 416 3766 doctor
431 3713 552 3784 psalterii
567 3713 694 3788 psalterio
711 3712 872 3785 explanando
893 3711 1048 3766 destinatus.
1151 3709 1267 3766 rhetoris

167 3797 260 3836 munus
279 3788 322 3835 est
337 3783 482 3853 scripturas
497 3784 678 3854 interpretari.

237 3851 353 3914 Quintus
377 3851 521 3936 quinarius.
550 3853 702 3923 praefectus
724 3850 891 3906 monasteriis
907 3849 979 3918 gerit
994 3865 1051 3906 curu
1069 3867 1163 3920 magno
1180 3847 1265 3902 secel-

166 3919 233 3973 lsrio
251 3927 465 3976 monasteriorum
482 3938 579 3977 curem.
679 3923 830 3992 praefectus
852 3919 970 3972 ecclesiis
994 3919 1162 3973 ecclesiarum
1177 3935 1265 3971 curam

167 3989 239 4056 gerit
254 4005 312 4042 cum
327 3995 449 4045 curatore
466 3991 568 4050 sacelli.
669 3993 820 4062 praefectus
838 3988 973 4058 evangelio
989 3993 1063 4044 tenet
1076 3989 1139 4042 illud
1155 3987 1187 4040 ed
1203 4004 1267 4056 pro-

125 4121 131 4126 ,
168 4057 302 4112 cessiones
320 4076 351 4112 ec
366 4059 482 4113 litanias.
585 4059 897 4132 praefectur‘luminibus
914 4075 1001 4112 curem
1019 4060 1100 4112 habet
1115 4072 1203 4110 eorum
1220 4055 1266 4126 qui

167 4142 254 4197 nuper
276 4127 429 4197 illuminati,
455 4130 505 4182 hoc
530 4136 571 4184 est
593 4131 737 4200 baptizoti,
763 4136 835 4184 sunt.
938 4127 1089 4197 praefectus
1107 4125 1268 4179 entimensiis

169 4213 216 4249 eos
251 4196 278 4250 ui
294 4207 410 4251 sunctum
427 4201 629 4254 communionem
645 4199 783 4270 percipere
799 4197 891 4251 volunt
904 4193 1058 4250 introducit.

275 4274 336 4322 rtur
358 4269 503 4337 quinarius.
533 4270 632 4340 primus
655 4268 780 4322 osderine
795 4269 868 4320 feres
885 4263 1017 4329 custodit,
1042 4263 1102 4315 dum
1124 4259 1269 4312 ordinatio-

170 4349 217 4388 nes
234 4344 404 4406 peraguntur.
507 4339 637 4394 secundus
653 4336 778 4390 ostiarius
792 4329 1076 4400 tenetmonur'npulum.
1179 4337 1269 4394 proto-
