2782 4686
338 309 398 379 DE
420 307 595 377 OFFiCllS
622 309 681 376 ΟΡ.
707 309 792 378 CAP.
817 309 909 375 Xlll.
925 309 1021 380 xlv.
1182 307 1231 380 73
1292 309 1296 319 “

133 483 167 548 ix
180 487 236 566 τῆς
250 479 410 568 ἐκκλησίας
418 529 428 561 ,
454 483 505 548 κοί
521 477 685 549 σάττουσιν
698 478 872 569 έμαροσθεν
887 487 944 549 rori
958 482 1117 566 βασιλέως.
1170 479 1233 558 εἶτα

134 587 166 664 ἓξ
184 583 305 668 ἑτοίμου
329 583 522 651 παιδόπσυλα
538 583 610 652 ἀντα
628 587 772 674 φέρουσιν
792 585 853 651 ἀπὸ
869 592 929 652 τῶν
946 586 1031 664 ἐκτὸς
1047 585 1167 674 δάρνας
1181 589 1233 652 καί

135 681 235 768 uiuos,
261 690 312 752 καί
328 685 538 754 ἀποπάττουσι
545 735 555 768 ,
581 683 763 774 πληροῦντες
776 688 892 756 τούτων
904 689 939 758 τδ
955 691 1113 778 τρίκλινον.
1156 687 1232 778 τρά-

135 795 209 873 πεζα
224 793 257 858 δέ
268 791 346 876 μιτδ
363 791 418 876 τὴν
431 789 580 858 ἀπόλυσιν
594 792 749 876 οὐδαμῶς.

432 960 469 1030 K
491 982 508 1030 ε
534 982 563 1053 φ
588 953 705 1030 ἀλα
730 985 743 1029 ο
765 981 786 1030 ο
810 984 833 1031 ν
884 951 938 1029 ιδ’.
1247 972 1271 1027 Β

331 1067 365 1130 '0
381 1065 490 1143 ὄρθρος
505 1072 556 1142 τῆς
574 1070 693 1143 μνγοίλης
714 1073 917 1144 κυριακῆςτοῦ
933 1068 1036 1142 πάσχα.

234 1199 273 1268 Ὁ
288 1201 322 1269 δέ
335 1211 392 1287 τῆς
405 1200 539 1290 μεγάλης
554 1207 700 1290 κυριακῆς
713 1207 770 1268 τοῦ
783 1199 887 1285 πάσχα
901 1198 1020 1287 ὄρθρος
1034 1196 1185 1284 ψάλλεται
1201 1199 1234 1264 ἓν

135 1313 175 1393 τῇ
189 1307 274 1393 τρίτη
291 1304 455 1393 ἢτετάρτῃ
474 1312 530 1387 τῆς
546 1302 661 1392 ἡμέρας
676 1304 766 1396 cipp·¹
785 1305 896 1390 ’γίνεται
915 1304 948 1369 δὲ
960 1303 1050 1370 οὕτω.
1101 1309 1156 1370 τοῦ
1173 1311 1234 1387 βα-

137 1409 244 1486 σιλέως
258 1408 318 1474 ἀπδ
331 1415 392 1476 τῶν
407 1410 501 1476 adrui
515 1407 697 1498 φορεμάτων
712 1416 880 1496 φοροῦντος
895 1403 982 1472 δίτονα
995 1403 1156 1490 βούλεται,
1171 1407 1233 1472 ’καί

95 1529 130 1584 10
138 1517 198 1578 τῶν
212 1510 366 1598 ἀρχόντων
376 1512 416 1579 τά
431 1517 525 1578 cincio
541 1511 730 1600 παράσημα,
764 1513 914 1598 έξέρχετοι
927 1507 944 1575 ό
958 1516 1166 1596 πρωτοπαπῶς
1177 1516 1232 1593 τῆς
1248 1521 1272 1574 0

137 1617 298 1699 έκκλησίας
311 1616 388 1700 μετὰ
402 1621 458 1682 τοῦ
472 1614 686 1702 ἀρχιδιακόνου
702 1618 752 1679 καὶ
768 1621 857 1681 τιτῶν
871 1621 934 1679 Ιτῶν
949 1614 1157 1698 ἀναγκαστῶν,
1184 1615 1236 1678 καί
1262 1633 1267 1646 ·

137 1720 245 1784 δίδωσι
259 1715 407 1802 λαμπάδα
420 1725 464 1808 τῷ
477 1725 606 1801 βασιλέϊ.
658 1721 708 1782 καί
722 1717 751 1782 οἳ
765 1715 912 1804 όπηρέται
925 1714 1077 1802 ἀρχοντις,
1103 1708 1145 1782 ῶν
1159 1721 1237 1782 πολ-

137 1819 226 1897 λάκις
241 1821 445 1906 ἐμνήσθημεν,
471 1819 591 1886 διδόασι
615 1827 690 1885 πᾶσι
713 1829 777 1897 τοῖς
795 1819 950 1906 ἀρχοοσιν,
982 1815 1024 1896 ῶς
1046 1820 1097 1883 καί
1117 1821 1148 1885 ἓν
1170 1827 1239 1896 ταῖς

138 1926 380 2009 προρρηθείσαις
394 1921 512 2011 ἑορταῖς
519 1971 529 2000 ,
555 1922 675 2009 κηροός.
699 1939 701 1944 “
726 1929 787 1988 τῶν
809 1915 863 1987 οὖν
883 1929 939 2004 τῆς
958 1922 1116 2005 ἐκκλησίας
1130 1925 1240 2008 θυρῶν

96 2041 130 2098 15
139 2027 355 2109 κεκλεισμένων
368 2026 476 2104 οὐσῶν,
501 2031 604 2114 θυμιᾷ
616 2022 634 2089 ό
647 2031 854 2111 πρωτοπαπῶς
861 2072 872 2103 ,
898 2022 961 2089 εἶτα
976 2025 1108 2110 inpacati
1119 2029 1240 2110 πρῶτον

134 2127 237 2206 “dita
258 2138 298 2217 τῇ
321 2127 391 2222 ἇγίρ
410 2130 460 2194 καί
482 2124 635 2216 ὄμοουσίῳ
651 2129 704 2192 καί
725 2129 861 2214 ζωοποιῶ
877 2129 930 2192 ’καὶ
952 2125 1112 2214 ἀδιαιρέτῳ
1129 2123 1241 2211 τριάδι,

139 2230 285 2311 πάντοτε,
313 2239 367 2298 νῶν
378 2235 429 2298 καὶ
446 2231 556 2296 ἀείκαὶ
569 2233 611 2307 είς
625 2230 697 2307 τοὺς
711 2233 825 2307 αίῶνας
838 2235 898 2296 τῶν
913 2227 1065 2294 αίιόνων.”
1119 2233 1242 2294 καὶτῶν

140 2341 269 2422 ψαλτῶν
284 2337 319 2401 τὸ
335 2335 418 2419 ἀμὴν
431 2331 621 2412 ἐπανιόντων,
646 2335 777 2422 inpuros?
789 2325 878 2410 οὗτος
893 2332 928 2398 τὸ
944 2326 1151 2414 ἀναστάσιμον
1165 2352 1237 2419 τρσ-1
1254 2341 1279 2394 D

141 2437 263 2524 πάριον,
294 2439 328 2505 τὸ
343 2438 481 2525 Χριστός
504 2438 613 2521 ἀνίστη
634 2437 667 2500 ἐκ
689 2442 812 2524 νεκρῶν,
837 2437 870 2501 dx
886 2436 1000 2521 τρίτου.
1051 2433 1150 2502 ἔπειτα
1169 2437 1239 2500 διοι-

101 2539 301 2625 noctipetae
317 2548 407 2606 τοῦτο
425 2540 454 2606 οἶ
470 2536 589 2624 ψάλται
602 2535 786 2623 ψάλλουσιν,
811 2539 917 2624 μέχρις
939 2536 977 2602 ἀν
996 2533 1012 2602 δ
1032 2531 1239 2625 πρωτσπάπῶς

143 2671 215 2723 τους
228 2645 426 2729 τεταγμένους
439 2645 561 2728 στίχους
573 2643 679 2728 τελέσῃ
685 2690 696 2722 ,
721 2641 789 2727 ἤτοι
811 2642 850 2709 τὰ
870 2637 1030 2726 ἀναστήτω
1055 2640 1166 2718 ὁθεδς
1187 2643 1238 2706 καί
1267 2639 1276 2676 ”

214 2768 421 2826 θπάττοοοιΑ
523 2764 727 2836 4οάδαμοῶΑ
828 2767 965 2824 stitutum
981 2767 1062 2824 ornA
1154 2771 1186 2824 18
1202 2767 1236 2825 τδ

211 2837 400 2908 ἀναστάσιμον
415 2833 569 2910 τροαάριον
586 2855 627 2892 om
643 2839 666 2892 B

144 2947 260 3002 efferunt
275 2961 309 2998 ex
324 2941 437 2996 ecclesia
451 2941 555 3010 lauros,
578 2957 677 3011 easque
699 2945 763 2995 aute
782 2941 967 3010 imperatorem
992 2947 1128 3013 spargunt.
1163 2943 1241 3012 pueri
1278 2959 1281 2967 ¹

144 3032 249 3087 quoque
272 3013 407 3096 honorarii
434 3029 467 3072 ex
489 3011 633 3094 composito
658 3008 746 3064 lauros
763 3011 866 3066 abillis
884 3011 930 3080 qui
948 3018 1021 3096 extra
1039 3013 1241 3096 suntnadterunt

145 3081 462 3208 {cnlppzsptpppitcurplbaqne
484 3079 626 3135 trralrmura
646 3081 760 3149 replent.
796 3079 917 3136 absoluto
939 3081 1030 3136 drvruo
1047 3083 1135 3136 offioo
1153 3097 1242 3136 mensa

558 3283 744 3372 Caput¹
779 3285 829 3364 14.

421 3387 512 3442 Horae
532 3403 648 3457 maguae
670 3387 814 3442 dominicae
831 3389 972 3459 parobolis.

215 3493 373 3548 Matutinurn
395 3508 505 3574 magnae
528 3489 674 3543 dominicae
691 3490 825 3561 paschatis
844 3491 998 3545 decantatur
1014 3491 1079 3546 bora
1096 3492 1150 3547 diei
1166 3493 1247 3548 tertia

147 3563 190 3618 vel
207 3571 320 3632 quarta,
347 3562 415 3613 hono
438 3577 466 3612 rn
490 3559 602 3612 rnoduut.
637 3559 795 3628 imperatore
813 3562 868 3614 suis
886 3579 920 3614 ex
938 3562 1126 3630 gestaminibus
1143 3565 1247 3628 ferente

147 3651 214 3703 qnae
232 3632 313 3702 magis
331 3630 476 3698 arriserint,
494 3637 525 3682 et
539 3629 693 3700 proceribus
711 3629 801 3682 itidem
819 3631 927 3699 propria
941 3630 1056 3699 insignia
1073 3633 1247 3702 gestantibus,

147 3703 283 3771 egreditur
299 3707 448 3772 protopapa
465 3717 498 3751 ex
516 3697 625 3752 ecclesia
643 3715 699 3751 cunr
714 3698 897 3752 archidiacono
913 3706 939 3752 et
952 3700 1081 3754 nonnuliis
1094 3701 1247 3770 lectoribus,

146 3772 281 3840 traditque
303 3769 457 3841 imperatori
479 3766 633 3836 lampadem.
670 3777 698 3820 et
716 3767 862 3840 administri
879 3785 1015 3838 proceres,
1038 3787 1147 3839 quorum
1165 3787 1247 3854 saepo

146 3840 324 3907 meminimus,
348 3838 487 3908 porrigunt
510 3836 665 3905 proceribus
689 3853 796 3905 cereos,
823 3843 852 3890 ut
869 3838 940 3890 etin
958 3855 1039 3908 supra
1062 3839 1141 3892 dictis
1157 3840 1246 3894 iestrs.

149 3910 278 3963 ecciesiae
294 3909 376 3977 igitur
391 3907 493 3961 iuribus
511 3904 615 3974 cientis,
636 3913 678 3958 tus
695 3903 783 3961 adolet
800 3915 962 3978 protopapa‚
982 3908 1077 3962 deinde
1095 3909 1162 3962 elata
1179 3925 1246 3961 roca

150 3980 222 4034 canit
244 3977 307 4031 iilud
329 3973 430 4046 “gloria
454 3984 562 4028 sanctae
585 3982 612 4027 et
637 3975 854 4029 consubstantiali
878 3984 906 4030 ct
928 3975 1052 4036 vivificae
1069 3984 1097 4030 et
1114 3971 1247 4030 indivisae

148 4047 272 4114 trinitati,
289 4048 358 4100 omni
375 4055 501 4113 tempore,
519 4061 588 4096 nuno
605 4051 633 4097 et
649 4063 760 4114 semper,
780 4053 808 4098 at
824 4045 852 4097 in
870 4046 975 4098 saecula
992 4039 1185 4098 saeculorum.''
1219 4041 1248 4098 ci

149 4118 301 4171 cantoribus
322 4114 523 4169 subiicientibus
549 4129 638 4180 auten,
663 4115 780 4168 concinit
803 4114 856 4168 ista
879 4112 1082 4167 resurrectionis
1103 4112 1246 4182 troparium

146 4181 289 4240 “cbristus
306 4183 423 4239 surrexit
438 4201 455 4236 a
472 4183 580 4236 mortuis
587 4177 611 4251 ,”
628 4183 708 4250 idque
730 4183 845 4236 tertium.
899 4190 975 4236 ostes
997 4180 1158 4248 excipientes
1182 4198 1246 4233 can.

148 4263 221 4310 tures
231 4256 380 4307 ‘decantant
395 4253 474 4320 iilud,
500 4253 584 4306 donec
607 4259 756 4322 protopaps
772 4259 952 4322 praescriptos
968 4264 1060 4302 vorsus
1076 4247 1239 4328 percurrerit

148 4323 340 4379 illuss'soiiicet
353 4317 497 4394 “exsurgat
513 4314 596 4376 deus”
619 4327 647 4374 ct
663 4320 789 4391 reliquos.
824 4325 887 4390 post
902 4319 968 4371 haec
983 4314 1167 4393 archidiacono
1185 4333 1217 4384 pr
1235 4347 1248 4359 ·
