2802 4686
410 233 969 354 proruendum.
1159 283 1231 356 τοο

145 443 302 538 οταμίνων
315 450 375 533 ἔξω
386 456 444 526 τοῦ,
454 449 686 543 διαφράγματος
698 456 777 542 μετά
790 461 851 524 τῶν
865 451 1056 546 παρασήμων
1070 457 1121 521 καί
1137 479 1232 545 φορε-

144 555 250 640 μάτων
267 556 378 624 αὐτῶν.
425 560 475 622 καί
490 554 607 644 θρόνου
625 559 769 647 ἠερανίοο
790 559 939 638 τεθίντος
951 558 1028 625 κατά
1043 557 1078 624 sd
1092 563 1149 624 roci
1163 584 1230 646 τρι-

145 662 246 726 κλίνου
260 661 363 748 τρίτον
375 659 469 746 μέρος
489 659 549 724 ἀπὸ
570 667 624 726 τοῦ
644 663 748 744 τοίχου
763 661 841 750 πρὸς
855 662 909 728 τδν
923 661 1068 744 βασιλέα,
1091 687 1229 749 περισκε·

144 761 278 846 πομίνου
300 763 352 828 διδ
371 765 499 846 βλατίοο
513 769 647 847 χροσοῦ,
682 763 798 851 ἴρχεται
819 761 837 830 si
858 761 1025 850 ὖπόψηφος
1043 761 1231 870 πατριάρχης

120 862 328 953 5(ιλπάψηφος
341 865 400 951 γάρ
413 860 501 952 μίχρι
519 863 587 930 τότε
602 866 738 952 λέγεται)
755 869 806 932 καὶ
819 857 935 945 καθίζει
949 865 999 930 ἐπ’
1014 867 1117 932 obrosi-
1166 863 1230 932 εἶτα
1258 947 1261 954 ⁴

143 974 205 1034 τῶν
215 970 350 1050 βλατίων
361 975 415 1034 τοῦ
431 965 662 1054 διαφράγματος
677 970 843 1056 αίρομίνων
858 968 1030 1036 ἀνίστανται
1050 964 1229 1056 ἀμφότεροι,
1245 973 1270 1028 (λ

144 1073 196 1134 καὶ
210 1068 321 1148 πάντες
334 1070 440 1136 αὐτίκα
454 1073 708 1158 πολυχρυνίζουσι.
759 1074 810 1136 καὶ
822 1071 899 1155 μετδ
913 1077 1003 1137 τοῦτο
1022 1071 1076 1136 οὔκ
1095 1070 1156 1137 sind
1171 1077 1232 1138 τῶν

145 1171 325 1255 ἀξιωμάτων
332 1199 388 1252 τις,
406 1173 492 1238 τοῦτ’
502 1172 582 1239 ἔστιν
593 1173 615 1258 ἢ
625 1172 771 1259 δεσπότης
779 1172 799 1259 ἢ
808 1171 1060 1261 σοβαστοκράτωρ
1068 1171 1088 1258 ἢ
1097 1175 1232 1261 Καῖσαρ,

145 1275 231 1364 ηίρει
242 1276 295 1341 τὸν
301 1271 468 1362 ὖπάψηφον
478 1275 563 1358 (odor
573 1276 631 1364 γάρ
644 1280 824 1362 ἓνδημοῦσιν
836 1267 920 1343 οὗτοι
932 1288 999 1354 ταῖς
1007 1282 1070 1343 τῶν
1080 1301 1232 1364 πατριαρ-

105 1389 139 1444 10
140 1384 206 1461 χῶν
219 1376 402 1464 προβλήσεσι
413 1385 452 1464 τῇ
468 1380 550 1470 αι’τίρι
566 1377 612 1444 ὅτι
626 1387 680 1446 τοῦ
695 1376 884 1469 πατριάρχου
898 1379 1073 1464 καθημένου
1087 1376 1234 1448 docendo

144 1483 225 1546 ἔστιν
243 1485 393 1548 ἵστασθαι
417 1478 561 1558 τοάτους·
574 1479 678 1546 πάλιν
700 1484 734 1553 δὲ
753 1488 808 1566 τῆς
829 1489 891 1549 τῶν
912 1483 1064 1565 βασιλέοιν
1082 1480 1235 1570 εδηιημίας

144 1583 299 1667 γινομίνης
310 1583 366 1649 osis
377 1585 491 1671 ίφεΐται
507 1580 634 1662 τούτους
645 1590 822 1669 καθῆσθαι·
840 1585 893 1651 διά
906 1590 997 1650 τοῦτο
1010 1586 1060 1650 καλ
1076 1575 1233 1672 οδπάρει-

144 1686 208 1768 σιν)
222 1685 293 1751 ἀλλ’
312 1685 373 1751 ἀπὸ
385 1692 446 1752 τῶν
455 1682 608 1772 ἀρχόντων
620 1683 640 1752 ὃ.
648 1689 789 1774 κρείττων
800 1689 851 1754 καί
864 1684 1090 1776 διαφοράτερος
1101 1687 1233 1770 ἐπαίρων

145 1787 199 1852 διὰ
218 1786 322 1875 χειρδς
349 1788 433 1875 φίρει
455 1795 561 1853 τοῦτον
586 1787 760 1875 ἔμπροσθεν
780 1793 836 1872 τῆς
860 1788 1051 1876 ἀναβάθρας.
1101 1796 1157 1854 τοῦ
1178 1780 1233 1853 οὖν

103 1901 136 1954 15
145 1891 366 1978 πατριαρχικοά
386 1891 549 1954 δικανικιόο
570 1891 662 1955 δκεῖσε
684 1891 716 1955 ἔν
731 1897 776 1980 τῷ
791 1890 913 1977 ῥηθέντι
928 1889 1136 1978 διαφράγματι
1152 1887 1234 1976 εὕρι-

144 1990 304 2074 σκομίνου,
329 1991 433 2073 λαβὼν
452 1998 541 2056 τοῦτο
563 1989 579 2055 ὁ
600 1993 752 2075 βασιλεδς
765 1992 816 2057 διά
834 2019 914 2070 τινος
927 1999 989 2059 τῶν
999 1992 1044 2076 μὴ
1058 1988 1234 2079 φοροάντων

144 2091 270 2169 σκιάδια
285 2093 420 2179 εὐγενῶν,
444 2093 606 2176 ίσταμίνου
624 2097 674 2160 καί
687 2101 743 2160 sori
755 2095 905 2177 βασιλίως
916 2098 966 2160 καί
978 2101 1032 2160 τοῦ
1044 2093 1112 2158 viuri
1128 2093 1231 2170 αὐτοῦ,
1247 2099 1273 2152 D

145 2199 173 2262 ei
185 2194 329 2284 πάρεστιν
345 2197 455 2275 ἐκεῖσε,
478 2193 594 2283 μεγάλη
618 2185 716 2284 φωνῇΙ
728 2197 804 2283 λίγει
825 2196 921 2274 οὕτως
937 2193 979 2280 “ip
994 2194 1065 2282 ἀγία
1077 2196 1165 2283 τριδς
1181 2194 1233 2260 διδ

143 2305 200 2385 τῆς
220 2301 299 2387 παρ’
316 2299 411 2382 αὐτῆς
426 2301 617 2385 δωρηθείσης
631 2295 704 2383 ἡμῖν
715 2302 870 2382 βασιλείας
882 2297 1086 2388 προβάλλεταί
1097 2323 1131 2364 σε
1145 2299 1233 2386 ἀρχι-

103 2403 306 2470 εθεπίσκσπον
326 2399 689 2481 Κωνσταντινουπόλιως,
714 2402 784 2479 νίας
798 2400 936 2486 Ῥιάμης,
961 2403 1012 2466 καί
1031 2397 1235 2485 οῗκουμενικδν

146 2502 370 2591 πατριάρχην.”
422 2506 473 2569 καί
496 2501 592 2580 οὕτως
611 2503 719 2572 αάτίκα
736 2506 985 2592 πολυχρονίζσυσι
1001 2501 1119 2582 πάντες.
1169 2499 1234 2568 εἶτα

147 2605 164 2671 ὅ
177 2605 366 2696 πατριάρχης
378 2609 425 2672 ἐπὶ
439 2614 495 2692 τῆς
509 2604 693 2695 ἀναβάθρας
709 2607 848 2673 ἀνελθών
857 2604 1006 2690 λαμβάνει
1021 2606 1057 2671 τὸ·
1072 2607 1234 2671 δικανίκιον

144 2791 145 2796 ¹
214 2802 248 2855 12
265 2798 451 2870 γενομέυηςΡ
570 2799 603 2854 15
620 2796 831 2868 πατριάρχοτΡ
939 2795 1007 2866 18-21
1024 2794 1077 2868 τὴν
1094 2795 1234 2868 βασιλείαν

212 2867 390 2940 δωρησαμένη
405 2866 473 2939 ἡμῖν
491 2867 515 2924 Α
961 2872 962 2878 ’

144 3039 212 3093 clevi
230 3056 291 3108 suo,
310 3037 429 3094 omnibns
444 3037 598 3109 proceribus
615 3045 692 3096 cxtrs
706 3045 809 3112 septum
826 3037 1029 3093 consistentibus
1046 3053 1103 3093 cunr
1121 3035 1175 3088 suis
1192 3034 1234 3088 in-

145 3110 262 3178 signibus
280 3116 307 3161 et
323 3107 495 3172 omanentis3
512 3109 652 3179 positoque
669 3110 756 3163 caesio
773 3110 869 3164 throno
886 3108 956 3162 circo
972 3107 1075 3160 tertium
1092 3104 1235 3159 tricliniis

144 3179 246 3247 pariete
254 3178 392 3232 distantem
401 3185 508 3247 purtem,
516 3193 608 3231 versus
620 3179 815 3248 imperatorem,
824 3180 869 3248 qui
880 3178 966 3231 aureis
976 3173 1235 3246 uelamentisinstrs-

145 3256 188 3300 tus
201 3254 250 3315 est,
268 3247 342 3302 venit
358 3247 457 3299 electus
474 3263 521 3298 seu
538 3247 672 3316 suffragiis
689 3248 773 3301 ndbuc
790 3247 919 3300 obnoxius
936 3247 980 3310 (eo
998 3262 1082 3314 usque
1099 3241 1167 3295 euim
1184 3242 1234 3294 boc

144 3315 249 3370 nomine
266 3314 426 3387 appelletur)
447 3320 476 3367 et
501 3315 576 3368 sedet
600 3317 627 3370 in
649 3317 704 3370 iilo.
741 3316 836 3370 deinde
857 3315 966 3367 sublatis
988 3315 1058 3384 septi
1079 3310 1234 3364 velamentis

144 3386 229 3454 surgit
246 3392 373 3454 uterquc3
398 3391 426 3436 et
441 3400 501 3437 τοοκ
518 3401 607 3438 ornnes
623 3401 670 3438 oro
685 3385 713 3438 in
729 3383 939 3455 apprecntionem
956 3381 1091 3435 multorum
1108 3396 1232 3432 ennorusn

145 3453 289 3508 resolvunt.
323 3459 385 3522 post
400 3453 467 3505 baec
482 3470 535 3505 non
552 3454 647 3524 aliquis
664 3470 761 3507 summe
778 3454 806 3505 in
823 3451 951 3521 dignitate
974 3449 1147 3513 constitutus,
1168 3455 1234 3516 puta
1338 3507 1340 3514 y

144 3521 187 3576 vei
204 3522 316 3591 despota
331 3521 374 3573 vei
390 3522 582 3576 sebsstocrstor
598 3523 641 3577 vei
652 3524 762 3590 Caesen,
779 3521 850 3575 sistit
866 3520 974 3572 eloctum
991 3521 1090 3588 (neque
1105 3516 1173 3569 enirn
1188 3515 1235 3568 isti

144 3590 354 3662 patriarcharum
368 3589 603 3646 renuntiationibus
621 3593 749 3644 interesse
765 3590 867 3657 soient,
885 3588 937 3640 bac
953 3590 987 3641 de
1001 3603 1090 3652 conse,
1107 3585 1169 3667 qnia
1185 3601 1234 3667 pu-

143 3660 259 3714 triurcbn
275 3661 385 3714 sedente
400 3659 533 3713 insolitum
551 3669 593 3716 est
607 3661 679 3730 ipsos
696 3667 783 3716 stares
807 3675 898 3712 rursus
915 3659 1002 3711 fauste
1018 3655 1172 3709 ucciomntuo.
1185 3671 1234 3706 rnr-

142 3728 310 3799 perotoribus
332 3730 405 3780 fucos
428 3745 481 3781 nou
503 3730 568 3783 sinit
590 3739 620 3782 ut
643 3729 689 3781 isti
713 3729 839 3793 sedeant3
865 3729 1030 3797 quamobrem
1048 3743 1100 3780 nou
1117 3723 1234 3788 adsunt),

143 3799 191 3858 sed
217 3816 251 3850 ex
273 3797 427 3868 proceribus
451 3797 557 3866 dignior
579 3805 607 3850 et
628 3798 781 3853 eminentior
804 3813 881 3849 menn
920 3797 1058 3852 rehensum
1083 3793 1156 3850 ducit
1172 3801 1235 3844 ente

135 3867 324 3922 nnubsthrsm.
358 3873 465 3936 reperto
485 3876 569 3920 nutem
585 3866 655 3920 intra
671 3877 773 3938 septum
790 3815 958 3948 putrisrctsli
974 3863 1057 3936 pedo,
1082 3863 1233 3931 imperator,

144 3936 290 3990 ministerio
315 3934 411 3988 nobilis
428 3935 601 3992 adolescentis
617 3935 700 3988 exiis
717 3935 761 4004 qui
779 3953 837 3991 sune
855 3933 922 4014 pileo
939 3935 966 3986 in
983 3932 1043 3986 suia
1059 3927 1233 3994 obambulant,

144 4005 241 4074 accipit
256 4004 330 4072 illud,
355 4011 480 4072 stansque
497 4013 549 4058 tem
565 4005 624 4075 ipse
641 4021 716 4072 quarn
733 4003 889 4073 filiuseius,
912 4003 936 4056 si
952 4002 1035 4068 adsit,
1058 4016 1151 4067 magna
1167 4013 1234 4048 voce

144 4075 182 4126 ita
200 4075 271 4127 fatur
286 4067 395 4126 “sancta
411 4074 515 4126 trinitus
531 4091 580 4143 per
594 4074 729 4144 imperium
748 4075 781 4126 ub
800 4073 860 4142 ipse
876 4073 951 4125 uobis
968 4085 1119 4122 concessum
1135 4062 1233 4118 cousti-

144 4139 195 4196 tuit
212 4151 241 4194 te
257 4141 480 4224 archiepiscopum
495 4142 619 4213 Cpoleos‚
639 4161 722 4195 novoe
739 4144 848 4208 Romae,
866 4149 893 4194 et
910 4137 1100 4218 oecumenicum
1118 4132 1233 4203 patrier-

143 4206 246 4263 cham.”
263 4219 290 4262 et
307 4227 366 4262 nox
383 4209 500 4264 unsversi
516 4211 608 4263 multos
626 4229 708 4264 annos
725 4212 856 4262 recinunt.
875 4210 971 4262 deinde
983 4201 1130 4274 pstnurcbe
1142 4216 1233 4282 ascen-

143 4281 210 4332 dens
225 4281 254 4331 in
271 4280 440 4333 snebetbrum
458 4283 490 4334 eb
507 4279 674 4350 imperaturis
690 4295 766 4332 mann
781 4278 876 4348 pedum
893 4276 999 4346 accipit,
1017 4273 1130 4338 doteque
1144 4285 1170 4320 er
1187 4270 1234 4322 be-
