2802 4686
516 323 562 390 IN
586 323 735 392 connis
754 325 837 395 GAP.
868 323 895 392 l.
1191 326 1261 399 131

118 547 122 557 ι
171 490 269 548 auctor
289 482 527 568 ancograeciae,
545 488 598 550 sed
619 489 699 552 male.
742 509 807 553 nam
827 490 1046 570 confugientium
1066 491 1104 550 ad
1120 490 1263 555 molosiam

170 590 237 630 cura
255 573 415 650 pertinebat
442 569 520 655 πρός
538 569 593 638 cdv
611 579 677 654 ,sori
699 578 870 652 constitae,
896 583 1036 656 utsupra
1060 577 1166 636 dictum
1190 598 1213 638 c
1232 581 1263 641 8.

168 657 282 736 itaque,
321 659 347 716 si
381 655 506 718 delinitio
541 659 611 718 haec
649 660 796 740 probanda
834 663 889 739 sit,
928 662 1008 721 aliter
1042 663 1171 740 explicari
1211 663 1262 721 de-

169 741 263 820 bebit,
292 747 325 800 at
351 761 403 822 per
421 738 601 826 sopa'crpapae
627 745 813 824 intelligamus
832 747 894 807 illos
917 747 966 822 qni
984 765 1017 806 er
1040 748 1201 825 captivitate
1222 748 1262 808 ad

169 827 345 888 Christianos
368 846 420 906 spe
444 827 582 888 libertatis
607 832 789 910 confugiunt,
822 851 881 890 non
903 837 997 889 autem
1015 829 1076 889 illos
1099 833 1147 909 qai
1164 833 1262 891 confu-

168 911 251 990 giant
267 913 307 971 ad
327 913 469 972 ecclesiam
488 919 624 990 tanquam
642 917 680 976 ad
699 917 807 994 asylum
826 917 999 996 impunitatis
1018 916 1115 992 gratia
1161 917 1261 976 dicitur

167 995 367 1077 πρωτέκὸικος
383 1005 512 1077 respectu
527 1000 644 1059 aliorum
662 999 788 1063 astaco
807 1019 858 1060 serr
871 1002 1062 1060 defensorum:
1079 1001 1173 1081 plures
1188 1003 1263 1062 eninr
1314 1005 1318 1012 '

168 1087 265 1155 erant3
295 1081 469 1158 adquorum
491 1103 591 1143 murras
612 1086 771 1163 pertinebat
788 1105 901 1162 quoque
919 1105 1073 1165 pauperum
1089 1092 1120 1144 et
1138 1082 1261 1144 infirmo·

108 1167 114 1194 l
167 1187 231 1226 rum
252 1185 333 1244 cura,
365 1187 402 1226 ne
425 1171 647 1249 opprimerentur
670 1173 928 1251 apotentioribus,
959 1177 992 1230 ut
1012 1172 1095 1230 docet
1111 1163 1261 1230 Balsamon

169 1253 200 1310 in
223 1271 275 1310 sua
298 1254 334 1311 de
357 1253 571 1332 chartophylace
585 1261 616 1315 et
637 1258 796 1335 protecdico
814 1256 1024 1335 disceptatione.
1065 1261 1095 1315 et
1112 1254 1177 1315 olim
1198 1257 1262 1332 qui-

170 1338 235 1396 dem
253 1337 313 1396 laici
332 1338 387 1398 hoc
408 1337 501 1414 officio
521 1341 729 1421 fungebantur,
758 1346 858 1421 postca
884 1347 978 1400 nmen
1004 1340 1108 1400 clericis
1133 1342 1262 1400 commis-

169 1440 233 1480 sam
272 1429 324 1480 est.
366 1426 556 1503 protecdinrm
591 1427 700 1485 rettulit
741 1427 815 1486 inter
856 1426 1064 1485 euocatacoelos
1102 1425 1260 1506 Xiphilinus

169 1508 343 1586 patriarcha,
384 1515 417 1568 ut
453 1531 477 1570 c.
518 1515 540 1574 2
578 1511 710 1570 diximus:
754 1518 839 1571 antea
881 1512 955 1572 enim
996 1511 1110 1570 minoris
1153 1510 1262 1570 subsel-

168 1591 197 1650 lii
218 1595 398 1671 magistratus
428 1602 496 1655 erat
538 1593 684 1660 iadsasioa
715 1597 792 1676 apud
819 1595 1013 1656 Balsamonem
1038 1595 1116 1656 locrrs
1141 1603 1185 1656 est
1212 1596 1261 1654 uhi

169 1677 203 1740 ol
218 1676 344 1756 ἔκδικοι,
365 1696 439 1755 quac
460 1681 582 1740 muneris
602 1681 646 1739 sai
670 1687 754 1760 sant,
787 1688 932 1741 mearant
957 1681 1117 1742 consultant
1142 1688 1173 1741 et
1195 1699 1262 1761 per·

168 1769 267 1839 agunt.
307 1762 459 1842 ἐκδίκησις
475 1770 521 1824 est
539 1765 603 1843 ipsa
619 1764 744 1824 defensio
760 1783 811 1824 seu
831 1769 893 1828 saia
907 1765 1034 1829 irritans·
1052 1767 1135 1824 acrio.

255 1860 470 1921 Observandum
494 1869 539 1922 est
558 1862 643 1924 etiam
658 1864 688 1922 in
708 1861 836 1922 Romana
854 1861 969 1924 ecclesia
996 1865 1082 1925 {irase
1105 1865 1261 1942 antiquitus

170 1944 337 2027 defensares,
360 1966 503 2025 unumque
524 1967 558 2008 ex
588 1949 697 2008 illorum
721 1968 836 2008 numero
868 1951 1061 2029 praecipuum,
1087 1953 1135 2026 qui
1158 1954 1262 2030 prtinus

171 2032 293 2111 &farsos
332 2033 449 2091 audiret
498 2052 618 2110 quorum
651 2031 770 2093 officium
799 2033 920 2096 breviter
958 2035 1121 2094 describitur
1159 2034 1263 2114 (verba

171 2117 312 2197 Onaphr'ri
337 2115 442 2197 refero)
471 2135 490 2176 a
524 2117 639 2196 Pelagio
670 2120 701 2175 in
735 2119 876 2196 Rescripta
902 2119 941 2177 ad
967 2117 1138 2179 Antoninam
1170 2118 1263 2177 Patri-

170 2203 258 2281 ciam,
283 2219 356 2278 qnae
369 2201 533 2280 postulabat
550 2203 715 2262 monachum
732 2199 791 2262 lieri
811 2201 986 2282 deserueram,
1013 2204 1116 2280 inquo
1137 2203 1262 2262 ostendit

171 2284 293 2348 officium
318 2287 446 2348 monaehi
475 2295 506 2347 et
530 2287 673 2366 desolatorio
702 2288 848 2348 convenire
878 2307 937 2346 non
958 2307 1042 2367 posse
1081 2287 1154 2349 “illa
1182 2291 1261 2362 enirn,

168 2373 262 2448 inquit
305 2371 378 2452 paics
419 2377 518 2449 natio,
534 2367 624 2433 'iola
651 2393 774 2433 manaan
794 2370 983 2453 (composita
1016 2377 1099 2434 otiis
1119 2391 1261 2434 causam

169 2460 302 2535 eagnih‘a,
323 2461 516 2528 conventiones,
543 2464 636 2528 aetas,
658 2458 767 2535 publico
786 2458 896 2534 litr'gic,
924 2464 951 2517 et
969 2477 1136 2538 pascuaque
1154 2457 1196 2516 a'al
1215 2477 1261 2516 ec-

169 2543 319 2602 clesiastica
339 2546 467 2602 instituta
484 2543 525 2602 ael
547 2542 752 2621 supplicantium
776 2547 917 2602 necessitas
937 2535 1049 2621 poscit”.
1090 2562 1126 2601 ex
1146 2543 1261 2600 decreto

170 2624 279 2687 Urbani
307 2632 388 2724 patet
409 2629 597 2706 procuratoris
618 2617 728 2686 nomine
749 2627 865 2704 intelligi
889 2627 1040 2704 quemlibet
1063 2627 1261 2686 ecclesiastica-

169 2732 231 2772 rum
250 2732 342 2772 rerum
366 2712 633 2790 administratorem,
653 2719 686 2771 ut
703 2712 780 2771 verbi
797 2713 889 2790 gratia
909 2713 1115 2790 praepositam,
1140 2709 1296 2772 oecono-l’
1313 2710 1363 2766 162

169 2817 263 2875 mum,
286 2798 504 2876 vicedominum,
537 2798 691 2857 defensoris
712 2797 823 2857 nomine
845 2797 1010 2856 advocatum
1026 2798 1085 2856 sive
1103 2797 1259 2858 castaldum

170 2888 200 2942 et
213 2883 331 2964 iudicem
346 2889 398 2942 eta
420 2900 539 2958 quorum
551 2884 664 2959 quidam
683 2883 844 2942 defensores
867 2882 928 2940 sine
952 2882 1124 2960 adiectione,
1144 2881 1259 2957 quidam

170 2970 331 3026 defensores
343 2968 491 3046 regionarii
510 2969 577 3028 dicti
592 2974 676 3044 sunt,
692 2969 768 3045 quod
785 2967 891 3028 scilicet,
912 2967 942 3025 in
959 2967 1075 3044 singulis
1097 2965 1258 3044 regionibus

170 3053 312 3112 distributi
324 3057 425 3118 essent.
445 3072 564 3129 quorum
584 3053 688 3131 primus
704 3052 747 3110 vel
760 3053 890 3128 princeps
898 3052 1067 3128 primicerius
1080 3054 1258 3111 defensorum

170 3139 329 3215 dicebatur,
348 3157 466 3214 magnae
486 3137 517 3196 in
540 3135 654 3197 eeclesia
680 3135 809 3196 Romana
833 3137 1049 3197 existimationis.
1084 3137 1154 3199 haec
1177 3137 1258 3196 Onu-

169 3223 266 3302 phrius
293 3223 323 3280 in
345 3223 471 3299 explicat
496 3243 595 3281 vocum
620 3221 802 3282 Ecclesiastic
844 3224 927 3280 docet
941 3222 1076 3281 Baronius
1096 3225 1260 3299 regionarios

169 3307 315 3386 defensores
333 3307 477 3365 institutos
496 3309 616 3366 faisses
635 3309 665 3365 S.
683 3307 820 3384 Gregorio
840 3325 914 3364 anno
927 3307 1032 3366 domini
1043 3307 1120 3385 598,
1139 3311 1173 3364 ut
1185 3306 1259 3365 sicut

169 3397 251 3451 crant
268 3396 374 3468 septem
391 3395 536 3468 regionarii
549 3395 650 3453 notarii
663 3397 693 3452 et
710 3393 828 3451 totidem
846 3395 993 3466 regionarii
1011 3391 1132 3466 diaconi,
1153 3391 1194 3449 ita
1213 3396 1257 3448 et-

166 3478 223 3540 iarn
244 3483 339 3536 essent
359 3483 467 3554 septem
485 3477 631 3556 deserueras
648 3481 796 3552 regionarii
800 3517 810 3546 ,
828 3475 941 3534 caeteris
958 3476 1095 3552 dignitate
1112 3482 1258 3553 praestan-

166 3564 268 3634 tiorcs3
296 3563 333 3619 de
360 3563 461 3637 quibus
487 3564 536 3641 qai
565 3563 647 3644 plura
673 3562 767 3641 cupit,
799 3561 823 3618 is
846 3561 997 3619 Baronium
1025 3560 1153 3620 consulat
1181 3579 1257 3618 anno

166 3647 273 3707 Christi
292 3646 364 3714 698.
1262 3720 1264 3724 ι

237 3761 293 3833 p.4
308 3778 335 3817 v.
349 3763 392 3818 11.
417 3757 537 3832 cardin]
560 3777 611 3814 non
628 3759 735 3814 omnium
752 3758 794 3812 vel
810 3775 842 3812 ex
861 3757 955 3811 cunctis
972 3755 1107 3828 provinciis
1121 3756 1257 3826 episcopa·

168 3847 223 3886 rnar
235 3830 390 3900 quorundam
401 3830 474 3885 simul
484 3835 627 3884 coactorum
639 3831 726 3882 cancia
736 3825 853 3890 σύνοδος
863 3833 915 3880 esti
934 3827 1047 3881 conflant
1063 3843 1120 3880 saar
1135 3843 1168 3880 ex
1187 3841 1257 3877 more

169 3901 301 3970 pontifices
311 3897 337 3953 in
353 3901 440 3954 arbem
458 3899 581 3954 advenae.
614 3899 648 3950 ab
661 3906 787 3951 commen
799 3897 870 3968 primi
882 3913 928 3950 serr
947 3896 1049 3949 diaconi
1065 3899 1192 3963 nequeunt
1209 3892 1257 3943 ab·

169 3986 237 4022 esses
256 3957 333 4022 calcor
342 3965 485 4038 κάθηνται
496 3961 528 4021 ἐν
539 3969 574 4038 τῇ
584 3968 652 4021 θεία
665 3965 711 4020 aul
730 3963 794 4037 ἱερᾷ
811 3961 930 4037 συνόδῳ.
964 3965 1085 4018 sinilibus
1098 3963 1124 4016 in
1139 3959 1256 4029 synodis,

169 4039 416 4108 nasammonas
428 4036 481 4092 ct4
493 4037 562 4101 luris
572 4037 625 4089 GR
635 4019 715 4104 legis,
728 4047 787 4090 snat
797 4035 931 4088 delinita·

216 4157 220 4164 ·
253 4127 333 4186 Haec
355 4127 392 4186 de
417 4126 507 4207 prima
532 4125 655 4204 pentade
679 4121 831 4185 officiorum
858 4129 889 4185 et
915 4117 1070 4182 officialium
1094 4114 1256 4176 ecclesiasti-

169 4230 271 4273 oorum.
543 4267 546 4272 .

605 4367 808 4382 W
