2802 4686
519 305 565 376 tit
583 307 733 376 GODINI
752 309 837 381 GhP.
862 309 891 379 Ι.
1170 313 1243 388 167

155 465 269 538 λόνιον.
311 469 441 551 penulam
461 469 506 533 hic
530 472 583 550 qui
597 478 727 554 vertunt,
753 475 772 533 ii
792 477 896 538 imsha
921 480 996 536 sunt.
1034 473 1106 537 ¹nulli
1125 479 1244 560 penulae

155 559 229 618 inter
247 563 339 616 vestes
361 577 455 618 sacras
479 557 556 618 locus
578 564 639 635 est,
668 561 779 619 temetsi
804 581 861 621 non
881 562 980 640 ignoro
996 563 1064 638 quid
1086 565 1123 622 de
1141 567 1244 645 penula

155 644 234 721 apud
260 645 290 702 S.
315 643 432 706 Paulum
455 643 537 722 epist.
561 643 639 704 aad
661 642 786 705 Timoth.
813 645 835 708 4
857 647 981 706 nonnulli
1001 646 1242 727 philosophentur.

156 743 231 804 quae
245 747 312 788 vero
327 728 387 788 eins
407 719 597 804 significatioi
619 747 724 789 eaerum
736 723 902 807 psloiuros,
921 731 1013 808 inquit
1025 733 1138 790 Simeon
1150 733 1242 795 Thes-

155 811 352 891 salonicensis,
376 813 549 873 sublimiorem
576 817 602 870 ct
626 832 735 892 superne
757 815 881 875 collatam
907 819 1019 894 rpr‘rttus
1042 820 1166 876 uirtutem
1193 823 1242 880 rub

156 898 270 976 quadam
287 898 376 975 qligrfe
393 902 539 971 monebat,
566 898 695 975 imprimis
712 918 817 960 sermm
834 919 886 979 quo
897 919 944 979 per
964 899 1104 960 ludibrium
1122 903 1241 964 salvator

155 983 265 1042 indutus
279 989 339 1054 est,-
357 981 496 1041 idcircoet
516 983 590 1040 racd
604 981 722 1060 sumam
740 983 834 1044 lohet:
851 1004 897 1045 nee
917 988 985 1044 enim
1008 987 1037 1044 in
1052 1006 1082 1044 eo
1100 993 1162 1045 runt
1175 1008 1243 1066 quoe

153 1067 322 1146 appellantur
341 1066 464 1146 purtem
481 1082 529 1124 seu
549 1069 677 1126 manicae.
719 1061 859 1144 pucritia
879 1069 1060 1147 patriarchica
1081 1075 1110 1127 et
1135 1073 1243 1150 episco-

154 1151 230 1229 palia
243 1152 326 1231 plena
340 1159 420 1210 eram
434 1150 559 1212 crucibus
570 1148 659 1230 (umde
672 1150 742 1228 ipsis
760 1153 939 1232 polystaurii,
962 1155 1042 1232 quasi
1057 1155 1132 1213 dicas
1149 1157 1243 1219 multi-

153 1239 255 1311 crucii,
279 1233 458 1317 appellatio),
479 1239 509 1294 et
524 1241 736 1314 repraesentant
750 1256 803 1315 per
822 1243 914 1296 totum
933 1239 1029 1298 orbem
1044 1237 1174 1300 diffusam
1192 1261 1241 1302 ve-

152 1322 293 1381 nerandae
320 1321 407 1379 crucis
432 1319 564 1398 gloriam,
590 1325 623 1377 ut
649 1321 742 1396 inquit
762 1319 911 1382 Balsamon
933 1322 963 1382 in
990 1323 1184 1384 dissertatione
1205 1329 1254 1386 de‘

153 1406 370 1488 patriarcharum
386 1404 543 1484 privilegiis.
584 1405 689 1464 formae
702 1411 796 1464 autem
811 1407 981 1486 triangulae,
1002 1424 1076 1483 quae
1100 1409 1129 1467 in
1142 1411 1240 1470 iisdem

153 1492 309 1570 phaenohis
322 1492 464 1567 visuntur,
489 1487 631 1549 declarant
657 1489 817 1568 angrrlarem
843 1492 966 1572 lapidem
990 1489 1133 1552 Christum
1156 1496 1240 1556 deum

153 1583 295 1653 manum,
317 1577 366 1651 qui
386 1577 525 1634 disiuncta
537 1575 694 1653 coniunxit,
715 1580 748 1633 ut
765 1576 857 1650 iuquit
870 1576 945 1636 idem
963 1576 1121 1638 Balsamon.

237 1660 272 1740 3)
292 1661 506 1738 epitrachelium
548 1659 713 1718 heterodoxi
735 1660 903 1738 interpretes
929 1667 1043 1720 vertunt
1068 1663 1174 1723 cdlare·
1190 1681 1242 1724 seu
1368 1681 1370 1686 ’

152 1745 305 1804 cdlariam:
332 1747 385 1804 sed
403 1746 434 1802 id
453 1743 534 1802 aim
553 1745 703 1824 profanum
724 1745 841 1804 videtin.
882 1745 1031 1804 retinemus
1048 1765 1117 1823 ergo
1140 1765 1241 1810 nomen
1323 1771 1326 1790 ¹

153 1830 300 1888 Graecum.
341 1828 554 1907 epitrachelium,
570 1827 662 1904 inquit
679 1828 807 1904 Simeon,
827 1847 842 1886 e
860 1829 932 1888 caelo
947 1827 1136 1889 descendentem
1156 1835 1239 1908 spiri-

152 1917 221 1972 ritus
248 1909 366 1988 gratiam
390 1914 475 1971 meriti
498 1909 615 1976 subiicit.
655 1913 688 1970 ab
715 1913 761 1970 lroc
785 1914 853 1972 euim
878 1919 904 1972 et
922 1915 1098 1992 episcoparet
1118 1915 1239 1974 sacerdos

152 2015 172 2058 n
194 2001 279 2076 capite
297 1997 367 2056 illud
382 1995 490 2056 induens
503 1995 762 2062 “benedictur,deus’'
780 2000 883 2075 inquit,
903 1999 972 2076 “qui
989 1998 1102 2076 effundit
1120 2003 1239 2076 gratim

152 2101 230 2160 suuper
241 2082 385 2142 saumuro
401 2080 489 2140 suor.’'
529 2079 598 2140 unde
614 2100 642 2139 eo
657 2081 765 2158 quilibet
784 2083 907 2141 sacerdos
918 2086 1019 2159 utitur,
1040 2086 1240 2162 quotiescunque

152 2169 298 2246 merificat.
340 2165 496 2225 Germanus
505 2162 536 2224 in
551 2183 603 2224 sua
615 2165 724 2224 theoria
735 2183 827 2224 rerum
840 2166 1099 2226 ecdesiasticarum:
1118 2167 1240 2227 denham

149 2257 256 2332 ραήορι
277 2251 444 2330 epitrecluelii
465 2252 603 2332 significat
627 2250 730 2310 amado
751 2250 862 2312 ludibrii
887 2255 980 2328 mutia
1001 2252 1122 2312 dexterae
1142 2251 1245 2313 Ciuili

152 2336 238 2407 data3
257 2338 394 2396 sinistram
417 2341 520 2416 partem
540 2335 645 2395 mdical
673 2339 760 2396 arcas
789 2339 820 2395 in
843 2340 960 2416 propriis
981 2336 1093 2396 humeris
1116 2339 1243 2413 gestatio·

153 2420 374 2501 epitrachelium,
396 2419 490 2497 inquit·
506 2419 671 2497 Balsamon,
695 2421 834 2499 significat
854 2421 939 2479 lorum
964 2420 1032 2481 illud
1052 2441 1103 2500 quo
1120 2423 1181 2481 uita
1203 2421 1242 2480 ad

152 2511 260 2566 aaron
275 2512 365 2566 tracta
383 2511 431 2564 ert.
473 2505 551 2581 quod
575 2510 670 2564 autem
696 2505 834 2563 Meursius
858 2506 990 2584 opinatur
1014 2499 1050 2567 sd
1069 2501 1243 2585 lampridius

151 2609 216 2650 esse
239 2585 272 2653 cd
294 2585 519 2671 irrumpitur,
545 2589 577 2647 id
600 2585 712 2648 difficile
729 2589 837 2648 creditu
852 2590 907 2648 erit
924 2589 977 2648 illis
999 2591 1047 2666 qui
1066 2585 1101 2652 sd
1117 2585 1242 2669 lampul-
1327 2601 1330 2609 '

149 2675 223 2739 droa
243 2675 359 2756 propius
376 2676 415 2734 ad
430 2666 606 2755 ω’μοφόριον
615 2691 701 2750 quam
713 2674 751 2734 ad
765 2669 974 2754 lurrpupq'lrou
984 2675 1114 2733 accedere
1127 2680 1242 2734 nonunt.

237 2759 272 2838 4)
286 2761 414 2820 orarium.
456 2759 585 2819 diaconus
597 2759 745 2835 angelicum
761 2760 869 2818 aarum
884 2757 1007 2833 ordinas,
1019 2757 1111 2833 inquit
1120 2757 1245 2836 Simeon,

147 2842 208 2924 fert
220 2846 253 2904 io
270 2841 385 2905 lumm‘s
400 2843 472 2924 quod
487 2836 621 2926 oiqclprou
644 2845 796 2916 amrinont,
818 2841 886 2922 quod
908 2846 988 2922 quasi
1007 2843 1068 2903 alac
1087 2842 1181 2917 tota,
1208 2848 1243 2902 ut
1361 2883 1367 2892 .

144 2929 256 2994 ‚illorum
274 2931 430 3008 spirituum,
451 2947 506 3008 qula
519 2933 672 3006 praemit,
691 2927 881 3004 intelligentiae
901 2927 1058 2987 celeritatem
1077 2926 1241 2988 demonstret

152 3033 235 3093 quare
248 3020 273 3073 et
287 3014 424 3074 Cherubim
432 3013 524 3094 facia
537 3013 818 3089 munerarium,
836 3013 893 3092 ipsc
906 3031 1022 3092 proque,
1037 3012 1100 3073 dam
1111 3013 1242 3088 cingitur,

153 3097 340 3177 quodammodo
360 3104 393 3160 ut
412 3100 454 3159 rei
472 3097 580 3158 diuinae
596 3100 728 3178 particeps
746 3103 772 3156 et
791 3096 944 3158 admbirtsr
961 3095 1091 3176 futurus,
1118 3099 1242 3174 operitun

152 3185 183 3241 in
196 3186 253 3260 ipso
264 3185 326 3240 itan
340 3186 427 3243 oraria
441 3187 556 3241 sanctus
567 3187 681 3242 sanctus
693 3187 807 3243 sanctus
821 3185 948 3262 scriptum
965 3186 1019 3256 ert,
1041 3189 1092 3260 q'uo
1104 3183 1241 3240 minima-

152 3269 239 3324 torius
263 3273 410 3328 auctuum
433 3267 588 3344 angelorum
605 3266 667 3325 ordo
689 3271 853 3344 exprimitur.
893 3265 1058 3343 gestabatur
1077 3267 1192 3325 madum
1210 3266 1242 3324 in

152 3348 269 3410 sinistm
291 3350 414 3411 humero.
455 3353 485 3411 S.
511 3351 729 3428 Chrysostonrus
755 3351 786 3410 in
808 3348 950 3428 Liturgia:
977 3346 1010 3412 sd
1037 3345 1093 3428 plu
1110 3342 1244 3430 siqdprov

153 3428 366 3514 imualpaoa
389 3433 541 3512 beraldum
561 3440 603 3520 cpi
623 3429 767 3518 ciproceqtqi
786 3430 870 3516 ὤμῳ.
911 3431 1030 3512 figuram
1048 3433 1157 3493 diaconi
1177 3453 1242 3494 cru-

151 3524 223 3578 rium
240 3520 379 3600 portantis
393 3520 481 3579 hebes
492 3519 572 3580 initio
587 3520 732 3598 Gregorae
745 3539 764 3580 a
778 3515 881 3581 Wollio
894 3518 970 3579 editi.
1011 3535 1103 3600 apage
1115 3518 1176 3577 illos
1191 3517 1242 3594 qui

152 3603 209 3663 hoc
228 3605 347 3664 orarium
360 3605 459 3664 volunt
472 3623 534 3665 esse
552 3604 708 3687 ἐκμαγεῖον
723 3606 778 3665 τοῦ
795 3597 975 3684 προσώπου,
994 3603 1132 3662 sudarium
1145 3602 1243 3664 sudori

151 3689 352 3768 abstergendo,
368 3687 419 3752 nul
433 3684 657 3771 χειρόμακτρον,
678 3687 805 3747 manibus
817 3688 972 3768 purgandis
992 3693 1022 3746 et
1036 3687 1239 3764 abstugendis.

151 3775 211 3833 sint
231 3775 304 3834 enim
323 3778 412 3835 marin
430 3775 555 3856 profanis
570 3773 752 3854 scriptoribus
769 3789 805 3834 ea
824 3789 897 3849 quae
914 3770 1054 3832 Arnobius
1069 3781 1152 3832 vocat
1168 3791 1242 3832 muc-

152 3860 239 3934 aaa,
256 3860 312 3919 hoc
329 3865 374 3920 est
390 3860 476 3919 lintea
495 3860 616 3938 minuta,
639 3856 739 3935 quibus
762 3862 793 3916 et
812 3875 908 3916 mucus
923 3857 1031 3917 narium
1051 3862 1081 3916 et
1099 3857 1186 3915 sudor
1205 3871 1241 3914 ex

152 3942 232 4002 vultu
258 3963 376 4003 manans
396 3945 584 4022 abstergitur,
613 3947 700 4025 prout
726 3942 840 4021 eopiosa
863 3943 987 4002 ostendit
1005 3941 1190 4001 casaubonus
1210 3938 1241 3998 in

153 4028 229 4086 notis
246 4031 285 4087 ad
300 4029 427 4090 Flavium
446 4026 610 4110 Vopiscum:
629 4027 660 4087 in
681 4024 797 4087 cocleam
814 4033 909 4086 tamen
928 4025 1048 4087 orarium
1068 4043 1149 4088 sacre
1166 4021 1242 4082 stola

152 4119 229 4191 erat,
248 4120 278 4173 et
290 4114 368 4174 nullo
381 4115 467 4176 ιιιοᾱο
483 4132 503 4175 a
518 4114 635 4174 diacono
650 4111 793 4182 induenda
807 4111 852 4170 vel
868 4112 982 4172 ferenda
991 4115 1025 4170 ut
1038 4107 1141 4167 sudarii
1153 4105 1240 4164 vicem
1255 4098 1279 4155 P
1296 4099 1347 4155 183

151 4197 266 4257 subiret.
307 4199 372 4276 quis
388 4219 457 4280 ergo
476 4200 536 4259 eius
549 4196 641 4257 nansi
669 4215 727 4256 non
749 4198 871 4256 omnium
886 4195 1005 4255 vestium
1021 4207 1161 4252 sacrmum
1172 4207 1241 4248 usus

150 4283 338 4360 exquirendus
353 4292 414 4347 est:
437 4285 541 4347 sufficit
561 4299 657 4346 omnes
676 4282 851 4342 invenisset
870 4281 1043 4340 introductas
1058 4291 1121 4334 esse
1139 4275 1177 4336 ad
1194 4291 1241 4334 or·
