2822 4684
506 293 551 361 ΙΝ
572 281 721 362 CODINI
740 293 825 362 CAP.
846 291 902 362 lIl.
1188 295 1264 364 231

233 471 261 527 p.
273 456 306 514 14
321 471 346 510 v.
365 456 409 514 21.
426 455 569 528 γαμβρῶν]
588 473 639 512 non
655 473 766 528 generos
783 455 874 523 modo,
899 453 944 510 sed
962 459 988 510 et
1004 456 1098 512 leuiroc
1114 456 1141 510 et
1157 473 1265 511 usurum

159 529 269 596 scotres,
287 525 330 596 qui
347 530 373 578 et
389 519 581 596 oivducidslauos
598 532 627 580 et
641 522 876 594 γνναικοὶδελφοι,
894 525 990 578 Graeci
1005 531 1100 581 vocant
1116 523 1265 597 γαμβρούς.

162 594 374 719 ffiissssfmd
389 601 514 652 sexcenta
530 597 644 668 reperiet
659 596 727 668 apud
751 611 838 650 eorum
853 594 997 668 ¹historicos
1021 601 1047 648 et
1073 594 1265 649 iurisconsultus

218 767 258 820 p.
271 749 303 804 15
314 751 379 806 v.·1.
406 743 620 819 χρανοκόκκινα]
644 756 714 803 auro'
733 749 850 804 nimirum
873 749 1002 819 rubroque
1024 745 1108 802 serico
1132 745 1260 816 distincta

160 818 218 874 sive
235 817 309 874 simul
321 823 394 874 texta
410 818 465 873 sive
481 835 529 872 acu
546 818 667 888 pingente
684 819 778 874 addita.

185 945 188 950 ·
244 908 310 970 ibid.
345 914 415 968 nota
436 927 531 966 cruces
547 908 577 966 in
591 907 670 986 pileis
686 926 852 985 generorum
867 907 1125 985 imperatorium,
1153 909 1260 985 etqui-

166 995 225 1053 dem
246 1012 305 1053 non
329 1011 364 1052 ex
392 994 578 1069 qualicunque
600 995 717 1052 materia
740 996 793 1052 sed
815 1011 849 1053 ex
876 992 1034 1070 margaritis
1051 996 1200 1054 confectos.
1226 1000 1259 1054 ut

163 1078 498 1156 placethicmosnostris
512 1078 736 1139 suaromachist
1260 1112 1263 1118 ·

229 1178 327 1232 Cruces
355 1174 468 1244 quinque
494 1173 596 1228 circiter
625 1175 731 1244 gemmis
765 1175 906 1241 conflatus,
931 1177 959 1227 et
978 1175 1019 1228 'ad
1045 1173 1134 1229 circuli
1161 1175 1259 1244 (qualis

161 1252 200 1299 est
215 1247 349 1300 Gallorum
367 1243 587 1314 comituchuput
603 1244 736 1298 ambientis
754 1251 879 1314 quattuor
894 1251 991 1316 partes,
1006 1245 1117 1298 frontem
1133 1244 1258 1311 nimirum,

163 1319 295 1386 utramque
312 1331 398 1368 aurern
418 1320 445 1366 et
460 1313 576 1383 occiput,
593 1313 789 1384 circumpositas.

225 1400 260 1452 ib.
277 1417 303 1453 u.
320 1401 346 1453 2.
382 1395 495 1468 abacos]
522 1399 631 1452 taeniam
648 1397 763 1468 intellige
779 1399 889 1453 frontem
905 1400 1157 1470 circumcingentem,
1177 1414 1260 1482 nuper

159 1465 279 1524 circulum
295 1468 398 1534 dictam,
415 1474 443 1520 et
459 1485 521 1520 orae
537 1468 596 1538 pilei
612 1468 738 1533 iunctam,
755 1467 811 1521 sive
828 1468 867 1521 illi
884 1470 985 1539 penitus
1003 1469 1186 1538 agglutinetur,
1203 1485 1259 1522 sose

160 1551 190 1589 ex
207 1544 281 1607 parte
297 1535 428 1608 superiori
443 1537 556 1590 nonnihil
572 1535 709 1602 dissideat3
728 1553 802 1605 quarn
819 1547 958 1607 propterea
976 1540 1110 1606 Gregoras
1122 1536 1168 1592 l.5
1185 1530 1259 1590 κατὰ

158 1600 209 1672 τὴν
232 1602 309 1659 κάτω
334 1603 382 1660 καὶ
407 1607 507 1674 κοίλην
531 1599 698 1674 ἐπιφάνειαν
719 1605 866 1660 κνκλίοκον
889 1604 1053 1676 χρνσοειδὲα
1076 1612 1163 1662 vacca
1198 1605 1259 1660 ride

158 1680 242 1728 notam
258 1673 286 1728 iu
302 1689 412 1745 sequens
428 1680 506 1747 caput
521 1673 555 1726 ad
572 1691 599 1742 p.
619 1675 652 1728 19
667 1691 695 1732 v.
715 1676 741 1728 8.

224 1759 261 1812 ib.
278 1776 305 1812 u.
322 1762 348 1814 7.
365 1753 508 1828 ἠεοοὶνεαι]
526 1775 574 1811 uec
591 1759 721 1812 caeruleus
736 1777 784 1812 nec
801 1759 889 1814 uiridis
905 1765 947 1813 est
962 1755 1097 1828 ἠεροὶνεοο
1113 1759 1192 1822 color,
1210 1758 1257 1811 sed

158 1824 267 1896 medius,
287 1827 331 1896 qui
348 1825 485 1890 subviridis
501 1833 527 1880 et
543 1828 614 1897 porri
630 1826 691 1880 tolio
708 1828 810 1893 similis,
826 1829 942 1900 prasinus
959 1837 987 1880 et
1004 1829 1125 1898 glaucus.
1148 1835 1207 1880 uert
1224 1827 1257 1880 de

157 1912 221 1951 mer.
252 1896 291 1950 ita
308 1911 349 1948 me
366 1911 428 1947 usus
450 1899 477 1946 et
499 1911 555 1948 cum
577 1896 715 1967 bapbiariis
739 1898 850 1950 Graecis
875 1898 1028 1966 colloquium
1053 1895 1164 1950 edocuit.
1198 1896 1258 1948 bine

157 1963 218 2032 quia
242 1963 269 2016 in
292 1971 429 2032 utrumque
451 1963 578 2028 declinat,
607 1964 698 2018 scribit
721 1981 772 2018 uuo
796 1966 854 2019 loco
882 1968 969 2019 Simon
995 1967 1114 2019 Portiusr
1144 1965 1257 2035 glaucus

156 2029 306 2100 πράσινος,
328 2027 464 2101 γλαυκός,
487 2033 514 2085 in
532 2033 581 2086 alio
598 2027 725 2102 pspnvubc
741 2037 878 2104 (corrupta
896 2033 1070 2105 pronuntiatio
1089 2038 1145 2100 est,
1169 2027 1256 2100 risaei-

155 2115 218 2162 νεος
234 2101 305 2170 vice)
324 2096 452 2168 κυανέας,
468 2099 600 2168 planasia:
618 2103 726 2167 camisas,
743 2121 863 2172 ονοαοαο,
882 2113 988 2158 uenatus
1004 2105 1081 2157 color.
1118 2101 1150 2154 de
1163 2103 1255 2169 glauco

155 2171 184 2222 eb
199 2170 283 2222 caesio
303 2171 389 2227 colore
404 2170 479 2224 ulvae
495 2170 618 2239 calicique
632 2171 755 2253 persimili
770 2173 897 2227 Antonius
909 2173 1046 2241 'lbylesius
1059 2174 1160 2226 lauacro
1172 2169 1255 2223 Ballio

155 2238 305 2320 adiunctus,
328 2239 362 2297 de
379 2246 491 2308 veneto,
515 2255 590 2310 quem
606 2239 744 2310 Hispanice
761 2244 839 2297 carde
855 2243 888 2296 de
905 2243 933 2296 la
950 2259 1009 2296 mar
1033 2239 1153 2314 exponit,
1176 2239 1256 2294 Cale-

155 2323 239 2378 panus.

222 2394 257 2447 ib.
274 2411 300 2446 v.
319 2394 345 2448 8.
362 2384 477 2458 τιμήσας
493 2389 764 2465 σεβαανοκροῖτορας]
787 2395 820 2450 de
838 2412 888 2465 quo
905 2395 963 2466 ipse
981 2396 1175 2452 Cautacuzenus
1191 2385 1253 2454 4¹5.

154 2548 164 2564 ’Ἴ
222 2481 258 2562 ib.
269 2497 294 2534 v.
308 2481 349 2534 10.
368 2471 467 2562 ἔχοντα
477 2471 586 2562 Ιοἳοοούς
601 2478 814 2604 supputabuntur}
832 2482 906 2534 talem
918 2481 1033 2552 depingit
1046 2485 1208 2554 Gregorasi
1228 2488 1253 2555 i,

152 2565 180 2602 ru
199 2561 269 2600 curus
286 2563 402 2606 κνανοις
417 2544 540 2608 cadalous
554 2545 603 2600 nal
618 2553 784 2618 χρυσοϋφεῖς
814 2548 983 2619 νηρμόζοννο
998 2547 1085 2606 αἰετοί.

219 2634 256 2688 ib.
273 2649 299 2685 v.
318 2633 359 2686 11.
377 2626 416 2691 εἰς
435 2624 506 2698 οἷὲρα
522 2627 666 2701 κόκκινον]
687 2635 725 2687 itu
742 2641 770 2687 ut
786 2635 813 2687 in
830 2637 905 2706 plano
925 2653 970 2690 seu
987 2638 1086 2690 scutulo
1105 2639 1185 2692 rubeo
1203 2654 1253 2691 au-

152 2715 214 2756 reae
231 2701 350 2772 depictae
367 2701 453 2752 iurent
470 2700 589 2769 aquilae,
610 2719 675 2772 quae
699 2703 819 2775 deinceps
847 2706 944 2772 glaucis
961 2704 1054 2758 calceis
1071 2713 1251 2772 assumentum

152 2778 180 2824 et
195 2771 273 2823 dictio
291 2765 347 2838 οἷήρ
363 2768 430 2822 idem
447 2769 490 2822 bic
507 2769 602 2822 indicet
618 2771 687 2840 quod
704 2771 730 2824 in
748 2773 921 2842 superioribus
938 2769 1048 2843 κάμπας
1064 2772 1120 2844 ἥως
1143 2777 1252 2842 πεδίον,

148 2841 233 2910 pauni
248 2837 446 2892 versicoloribus
462 2839 552 2906 liguris
567 2839 682 2908 insigniti
697 2841 836 2909 planities,
854 2845 879 2895 le
891 2845 972 2912 Jonas
990 2843 1067 2897 d'uue
1085 2846 1203 2898 broderie
1218 2863 1252 2898 ou

150 2907 228 2964 d’ane
245 2911 332 2979 eatoffe
348 2911 367 2960 ὰ
382 2925 509 2976 comaga,
527 2926 543 2960 a
559 2909 641 2978 figura
657 2910 686 2962 ia
703 2913 835 2965 ambonem
854 2914 986 2966 desinente
1002 2912 1104 2982 penitus
1120 2913 1250 2972 distincta.

233 2999 269 3056 ib.
292 3015 318 3055 v.
335 2997 381 3059 19.
402 2995 499 3055 Iunius
513 2999 630 3072 κῶνος,
651 3016 706 3074 ego
721 2997 831 3081 ὁμοίως
846 3020 880 3061 ex
894 3001 1004 3062 duobus
1019 2993 1159 3062 Bavaricis
1174 3004 1251 3062 codi-

150 3079 241 3157 cibus,
262 3099 335 3158 quae
347 3081 486 3162 scriptura
499 3100 633 3162 germana
644 3089 697 3142 est.

231 3168 267 3228 ib.
287 3185 314 3224 v.
339 3167 386 3229 15.
423 3165 600 3248 χαατοὶριον,
633 3169 753 3248 χαρτίον
778 3171 911 3232 cartulam
937 3171 1107 3248 quadratam.
1152 3169 1248 3230 Iunius

149 3252 243 3348 vertit·
263 3251 421 3328 quadrariae
445 3257 572 3328 tesseras,
605 3253 700 3330 aitque
727 3262 890 3336 corruptum
916 3274 950 3315 ex
967 3255 1065 3316 ltalico
1089 3261 1119 3315 et
1140 3256 1248 3315 Gallico

149 3343 353 3488 dracmam
367 3417 470 3469 scutula
487 3433 564 3487 posse
581 3416 631 3470 dici
648 3419 745 3488 probo,
764 3405 897 3488 quadrata
915 3419 1010 3488 iugiter
1024 3418 1128 3472 infitior.
1146 3414 1249 3488 καρτα-

147 3505 211 3555 occu
233 3486 299 3538 euim
323 3485 427 3538 bractea
450 3493 506 3553 est,
538 3487 651 3555 lamina,
673 3491 800 3542 scutulum
822 3505 978 3559 quacunque
996 3490 1081 3560 figura
1104 3489 1248 3542 conforma·

148 3564 216 3623 tum,
227 3552 309 3622 ‚alteri
325 3553 363 3606 rei
380 3561 485 3608 ornatus
504 3571 566 3626 ergo
582 3558 810 3627 superponendum.

235 3627 351 3687 Chartae
360 3625 496 3704 plumbeae
507 3632 586 3708 apud
595 3628 776 3690 Anastasium
787 3632 816 3688 in
826 3630 926 3707 Sergio
937 3636 966 3688 et
978 3629 1118 3708 Gregorio
1127 3629 1170 3690 ill
1179 3635 1247 3688 sunt

147 3712 258 3791 tegulae
276 3712 438 3790 plumbeae,
459 3714 559 3790 quibus
579 3716 705 3775 aedificia
725 3722 808 3776 tecta.
829 3717 926 3793 itaque
948 3716 1016 3774 nihil
1033 3718 1070 3776 ad
1086 3712 1247 3797 χαρτᾶριον

146 3807 177 3858 et
193 3800 314 3880 χαρτίον
334 3804 462 3856 nostrum
483 3801 577 3860 facere
593 3801 731 3860 videntur.
752 3821 818 3863 mox
835 3801 899 3880 lego
918 3821 981 3860 cum
999 3802 1060 3860 cod.
1080 3801 1167 3860 Boieo
1189 3800 1252 3856 dis·‘

146 3886 260 3944 iunctim
284 3878 357 3964 μετοῖ
383 3881 499 3964 duabu.
529 3885 559 3944 in
583 3885 671 3946 altero
696 3894 740 3947 est
766 3882 970 3968 καταγραφήν.
999 3888 1073 3945 forte
1095 3887 1139 3944 hic
1160 3884 1245 3942 etiam

146 3968 304 4072 disiunctim
317 3963 394 4030 acroi
413 3963 533 4072 γραφήν
548 3970 726 4034 scribendum
751 3974 820 4052 erit,
840 3974 864 4032 si
879 3973 953 4034 forte
966 3973 1010 4031 cui
1022 3972 1113 4049 magis
1135 3969 1246 4052 placeat

145 4053 492 4204 wibid‘bbsbibbiffgoiibbiv]
509 4133 585 4188 lectio
604 4140 644 4189 tot
661 4136 688 4190 in
706 4137 892 4207 exemplaribus
908 4139 975 4192 iuter
986 4153 1015 4191 se
1027 4133 1126 4189 collatis
1140 4137 1244 4203 reperta

146 4204 299 4329 ratgnendas
326 4205 422 4330 auguris
438 4221 546 4276 namque
569 4205 642 4261 solut
665 4206 851 4263 deformitatem
876 4224 961 4264 secum
983 4204 1122 4262 terentium
1138 4209 1244 4257 ornatus

147 4291 162 4328 a
199 4293 208 4328 1
224 4291 344 4330 consuetu
