2744 4690
394 314 440 382 ru
455 311 704 406 commem
719 313 815 378 xxi.
834 313 946 424 xxu.
992 291 995 298 ⁴
1119 343 1121 348 ,
1161 315 1236 386 aar

135 479 251 561 ἐσθῆτα
263 473 415 564 λαμπράν.
456 477 533 540 Besa
551 478 637 538 vertit
664 475 843 558 placidam,
863 478 1004 558 interpres
1018 480 1116 537 noster
1136 477 1236 540 olbam

134 568 277 648 approbat
296 567 351 626 hoc
379 565 580 640 casaubonus,
611 563 678 640 quia
699 558 838 645 λαμπρόν
858 569 889 627 et
910 555 1016 626 λευκόν
1033 581 1120 642 saepe
1139 566 1239 628 eodem

131 653 292 731 significatu
306 657 487 730 usurpantur.
505 648 577 708 illud
597 649 693 722 critica
706 649 796 710 ferula
813 648 856 706 sic
871 648 1007 726 castigat:
1028 651 1118 726 magis
1133 669 1168 709 ex
1184 669 1239 712 usu

132 739 236 798 Latine
256 738 432 816 loquentium
450 735 586 798 dixissent
603 734 752 795 candidum.
775 733 875 794 minim
901 733 1006 794 Beuam
1027 733 1159 794 hocloco
1179 755 1239 796 uon

132 826 220 883 fuisse
239 842 391 884 memorem
411 839 482 882 suae
501 819 648 898 candidae,
676 839 697 878 a
717 819 824 879 fullone
851 820 1014 896 candentis,
1037 821 1115 878 euius
1137 821 1240 882 iterum

132 909 237 969 oblitus
251 914 297 968 est
311 908 407 968 Iacobi
420 930 443 968 c.
458 911 494 983 s,
516 906 584 966 dum
598 903 712 985 ἐσθῆτα
725 902 783 986 τήν
805 900 945 986 λαμπράν
961 905 1054 964 denuo
1075 905 1240 984 splendidum

132 1002 228 1056 vestem
241 995 450 1072 interpretatur.
471 991 576 1050 bonam
595 995 692 1050 mmeu
714 1011 848 1070 operam,
868 991 921 1052 sed
938 990 1019 1076 nimis
1039 1009 1132 1052 seram
1152 998 1240 1052 navat

132 1081 216 1138 nobis
234 1085 332 1138 asceta
350 1080 420 1156 iste,
444 1078 512 1136 dum
537 1093 591 1135 nos
615 1076 699 1135 docet
728 1077 798 1152 quid
823 1078 861 1135 sit
885 1076 1077 1160 μαργέλλοον,
1107 1077 1161 1136 sed
1187 1094 1239 1155 per

103 1229 106 1238 ,
132 1165 328 1244 negationem:
348 1164 389 1227 ait
410 1163 484 1222 enim
500 1161 698 1240 imperatorem
716 1160 815 1222 citrine
835 1161 1002 1224 vestimenta
1017 1180 1176 1239 assumere,
1193 1163 1240 1222 sed

133 1255 189 1309 siae
203 1251 290 1310 limbis
303 1255 328 1308 et
338 1251 462 1328 pretiosis
469 1251 662 1326 praetextatis:
683 1247 732 1306 Ιιοο
744 1248 909 1324 megalium
923 1250 1077 1326 α’ςοογῖοαί,
1097 1269 1149 1308 non
1163 1265 1237 1306 mar-

132 1339 248 1412 garitas.
269 1333 350 1394 audis
360 1375 370 1412 ,
388 1333 468 1410 Iuni,
490 1332 560 1409 quid
577 1336 607 1389 te
621 1331 686 1390 olim
704 1331 836 1392 Genevae
858 1331 978 1392 incolam
991 1333 1093 1392 doceat
1111 1333 1237 1392 eiusdem

132 1419 244 1478 scholae
257 1421 401 1496 quondam
417 1423 447 1477 et
465 1417 542 1476 urbis
556 1417 679 1476 insessor
697 1415 909 1478 Casaubonus?
929 1417 1010 1476 mitte
1031 1437 1099 1494 ergo
1120 1420 1235 1478 tandem

132 1497 199 1564 tuas
209 1505 384 1582 margaritas.
405 1503 502 1564 vocavi
521 1521 624 1582 operam
644 1522 727 1562 seram
747 1509 877 1582 respectu
899 1502 1005 1579 nostri,
1029 1505 1096 1580 quia
1109 1504 1164 1563 iam
1178 1505 1235 1582 pri-

98 1647 101 1652 .
133 1592 197 1650 dem
210 1609 245 1650 ex
257 1590 426 1650 Balsamoue
439 1595 470 1647 et
482 1587 542 1646 aliis
553 1587 698 1646 didicimus
712 1590 781 1663 quid
793 1589 852 1648 siut
865 1589 1016 1664 margellic.

201 1703 228 1769 p:
241 1687 291 1741 106
303 1703 331 1768 v:
345 1686 386 1742 14.
402 1680 621 1804 sassensteosdsoe]
648 1684 827 1768 defunctorum
844 1684 997 1738 recolendae
1014 1685 1149 1770 memoriae
1165 1684 1235 1769 sacri

132 1755 493 1890 tllttttitaizzii
529 1756 1234 1890 dissidentisttttttttsttt

132 1885 169 1945 cei
185 1887 400 1960 τεοοαραποοτοὶ.
418 1890 530 1942 rationes
542 1889 643 1943 subdit:
661 1890 735 1943 tertio
747 1889 789 1944 die
802 1891 895 1959 faciei,
912 1907 963 1960 qus
979 1890 1003 1943 di
1041 1891 1137 1944 ascitur
1149 1892 1233 1957 homo,

133 1960 270 2014 discrimen
289 1960 454 2029 deperditum
470 1975 536 2011 uouo
554 1975 647 2030 corpus
668 1959 794 2026 tabescit,
818 1960 874 2014 solo
892 1961 1001 2015 cardea
1020 1961 1068 2012 huc
1083 1959 1233 2030 incorrupto

132 2035 267 2094 manente3
284 2027 476 2112 quadragina
493 2026 595 2080 taudem
612 2028 687 2081 etiam
704 2045 822 2082 curcum
843 2029 941 2099 relique
958 2028 1073 2098 corporis
1089 2029 1155 2082 mole
1171 2031 1233 2084 tabo

11 2105 17 2116 '
133 2098 342 2170 corruptionique
356 2116 389 2151 ex
403 2105 503 2166 rutegro
519 2096 596 2151 cedit.
614 2096 698 2168 aptius
715 2096 758 2150 alii
774 2092 811 2151 sei
826 2097 906 2168 τρίτα
922 2098 992 2168 apud
1010 2097 1128 2152 Graecos
1145 2115 1233 2152 resur-

131 2167 269 2222 rectionem
283 2166 382 2221 Christi
397 2172 457 2236 post
471 2165 612 2220 triduanam
626 2166 797 2238 sepulturam,
813 2161 849 2221 sci
867 2161 970 2221 έννατα
980 2183 1074 2220 acrem
1085 2167 1234 2236 angelorum

132 2237 239 2302 choros,
262 2238 353 2307 quibus
375 2242 490 2289 mortuos
512 2234 649 2303 aggregari
670 2241 822 2307 precantur,
850 2231 886 2289 τοὶ
908 2233 1113 2304 τεοοαρααοοοοέ
1139 2237 1234 2290 luctum

130 2305 265 2359 israelitici
287 2305 375 2376 populi
398 2305 426 2358 iu
448 2304 549 2372 Moysis
574 2310 657 2358 morte
678 2304 712 2358 ad
736 2305 953 2376 quadragesimum
976 2320 1059 2375 usque
1080 2307 1147 2360 diem
1169 2323 1234 2375 pro-

131 2375 250 2442 ductum,
268 2391 319 2446 quo
335 2374 463 2428 defunctis
478 2373 594 2428 lacrimas
611 2389 752 2444 precesque
775 2381 912 2444 parentare
934 2390 1084 2446 possumus,
1104 2375 1235 2430 affirmant

132 2443 278 2512 designare.
293 2444 368 2498 liuius
383 2441 476 2496 mentis
493 2448 535 2494 est
551 2442 705 2512 Neophytus
722 2443 837 2498 Rhodius
853 2444 880 2498 in
891 2460 939 2498 sua
957 2443 1070 2515 synopsi
1085 2445 1234 2512 vernacula,

132 2513 288 2566 Clementem
303 2513 331 2567 in
348 2511 459 2566 constit.
474 2509 566 2581 Apost.
583 2511 599 2564 l.
617 2514 634 2567 8
649 2529 673 2566 c.
690 2511 725 2566 49
744 2521 856 2569 secutus.

193 2615 227 2667 p.
241 2599 291 2653 107
302 2615 329 2651 v.
343 2599 368 2652 t.
388 2597 445 2652 τῶν
460 2591 661 2666 νενομισμένων
678 2589 818 2665 έννοὶἃων]
840 2598 873 2650 de
891 2598 981 2669 quibus
1004 2599 1137 2672 superiore
1159 2559 1230 2654 nita.

130 2680 218 2719 sacrm
233 2666 261 2718 in
278 2667 352 2720 feriis
367 2665 472 2736 agendis
489 2681 579 2719 novem
592 2667 648 2719 dies
663 2669 746 2720 reiert
768 2667 917 2732 Blestares,
942 2668 993 2721 τοῦ
1009 2672 1035 2720 Δ
1051 2667 1188 2737 στοιχείου
1205 2686 1232 2724 ο.

131 2736 165 2802 8,
181 2735 247 2794 aden
264 2742 294 2788 nt
309 2735 414 2789 Alexius
429 2736 567 2804 imperator
583 2735 653 2788 edita
668 2735 779 2790 Novella
794 2736 911 2790 sanxerit
926 2737 1025 2790 nemini
1034 2739 1111 2792 licere
1130 2733 1231 2791 derisor-

129 2803 169 2856 tui
185 2811 306 2873 parentes
323 2806 367 2859 vel
381 2822 487 2859 uxorem
507 2803 552 2857 vel
569 2804 678 2858 heredes
697 2805 739 2860 vel
758 2803 920 2859 fideiussores
944 2813 1114 2861 antenorem
1132 2806 1230 2858 dierum

129 2871 208 2926 luctui
227 2872 393 2928 dicandorum
408 2873 570 2944 praefinitum
585 2879 686 2945 tempus
700 2889 822 2928 accusare
860 2890 961 2929 cansam
982 2876 1009 2928 in
1032 2893 1077 2932 eos
1100 2876 1230 2928 intentare

129 2941 213 3026 velia
230 2943 348 3030 iudicium
369 2946 488 2998 traheres
513 2942 679 3028 θεομίζομεν
698 2941 798 3028 undeni
819 2912 923 3027 έξεῖναο
943 2945 996 3028 τοῦ
1016 2941 1230 3030 τελευτήςαντος

128 3027 197 3071 πονο
211 3016 302 3080 γονεῖς
317 3031 335 3079 η
353 3031 369 3066 s
390 3032 406 3066 ν
420 3015 541 3082 γυναῖκα
557 3031 576 3080 η
596 3029 662 3073 soce
677 3015 868 3082 κληρονομονς
890 3032 910 3082 η
934 3031 1000 3074 τους
1022 3011 1156 3082 ἐγγαηοας
1171 3030 1227 3080 προ

128 3079 179 3146 τῆς
194 3081 250 3132 τῶν
266 3073 348 3134 ἐννέα
391 3083 481 3151 μορῶν
495 3081 670 3152 προθεσμίας
681 3083 734 3135 τοῦ
749 3076 876 3146 πένθους
892 3077 1040 3136 αἰτιᾶσθαι
1058 3074 1077 3152 ii
1091 3099 1228 3153 παρενοχ-

129 3148 188 3200 λεῖν
203 3139 224 3216 ἢ
239 3143 280 3210 εἰς
295 3147 475 3220 δικαστήριον
494 3147 592 3205 ἕλκειν.

216 3239 254 3298 ib.
280 3257 307 3298 v.
328 3237 358 3301 4.
392 3242 548 3316 caeterum,
574 3240 652 3314 quod
677 3239 805 3299 Codinus
825 3239 864 3299 ad
882 3237 984 3299 calcem
1005 3240 1103 3318 eapitis
1121 3241 1228 3320 scribit,

132 3321 213 3380 nefas
231 3329 340 3382 esseut
360 3324 423 3398 quis
434 3328 528 3382 vestes
547 3323 643 3400 nigras
660 3325 691 3383 in
711 3325 818 3406 palatio
835 3329 947 3404 portet,
967 3327 999 3384 id
1016 3326 1228 3402 intelligendum

134 3411 180 3466 est
194 3413 274 3466 extra
289 3425 455 3485 casumque
474 3408 537 3487 ipse
555 3408 707 3486 imperator
728 3409 824 3486 luget:
845 3415 913 3470 tunc
927 3409 1001 3472 euim
1020 3430 1116 3471 ornnes
1137 3416 1228 3495 peta·

132 3497 344 3575 νειμονοῧοιν,
362 3499 396 3554 ut
415 3493 500 3576 paulo
513 3499 597 3592 autea
614 3493 741 3556 Codiuus
754 3494 873 3555 dicebat

577 3755 774 3768 *n———n

433 3963 919 4047 CAPUTXVL

197 4151 234 4206 a.
252 4167 279 4206 s.
292 4151 333 4210 13.
355 4146 488 4221 πεζεύειν]
505 4167 536 4208 es
552 4167 615 4222 sqew
633 4153 676 4208 oet
691 4168 768 4208 οοπα
783 4151 898 4209 desilire
919 4157 945 4209 st
960 4153 1038 4224 pedes
1055 4151 1181 4206 incedere.

213 4243 282 4304 nid
320 4244 360 4306 ad
384 4243 502 4322 sontem]
538 4235 624 4324 πηγή
650 4262 702 4302 seu
730 4243 825 4325 πηγαί
854 4242 990 4322 templum
1020 4241 1226 4303 celeberrimum

129 4324 214 4408 cpoli
227 4333 306 4393 extra
324 4329 451 4416 moenis,
471 4328 550 4392 cuius
563 4347 688 4392 summus
703 4334 812 4392 amator
829 4329 980 4400 admirator
998 4335 1028 4388 et
1042 4329 1226 4388 encomiastes
