2782 4686
410 297 469 368 uu
494 297 673 370 oeneus
694 300 758 396 or.
785 301 869 372 our.
893 302 937 370 v.
1172 304 1219 374 οι
1302 367 1307 379 „

129 471 241 540 ἑαυτοῦ
267 476 375 538 τοῦτον
399 469 492 554 ὅντα,
520 483 730 563 προσενεγκεῖν,
747 479 792 564 τῷ
809 479 940 558 βασιλεῖ’.
989 471 1100 545 τοάτον
1120 475 1221 542 τοίνυν

77 646 80 654 ,
129 574 224 661 δήλου
246 573 402 664 γιγονότος
421 575 474 644 τὸν
491 578 547 661 μὲν
562 579 691 662 βασιλέα
705 577 799 657 sidric
804 626 815 658 ,
835 576 877 656 nir
890 575 964 662 εἶχε,
982 585 1151 662 καταβῆναι
1166 585 1221 646 τοῦ

125 682 222 745 ’ἵππου
229 727 241 760 ,
264 678 317 744 καὶ
334 682 439 746 δοῦναι
459 687 568 748 τοῦτον
583 687 623 771 τῇ
638 683 809 769 κεκτημένῃ.
861 684 923 746 duci
939 681 971 747 (λ’
991 683 1046 747 οὐκ
1060 675 1138 766 ἦσαν
1151 680 1220 748 τότε

124 785 215 849 ’ἵπποι
233 785 387 866 βασιλικοὶ
407 773 567 871 συρόμενοι
574 832 585 865 ,
611 786 726 870 ἐγένετο
742 787 777 876 δὲ
789 782 805 850 ὁ
818 785 965 868 βασιλεῦς
978 785 1011 849 ἕν
1023 788 1115 877 χρείη
1125 789 1221 851 innuo

102 889 179 954 irrui
205 887 453 968 ἔκαβαλλλκιυσεν
477 889 571 953 λ’ππον
588 888 642 954 τὸν
662 884 808 973 τυχόντα,
840 883 997 982 ἔτάχθηῇ
1019 893 1079 953 τῶν
1101 895 1261 975 συρτῶνο

124 985 348 1073 ἀκολούθησις,
380 977 423 1068 ὥς
445 989 501 1069 do,
533 989 566 1057 εἷ’
581 1016 612 1058 τι
636 991 830 1076 συμβεβηκὸς
850 989 955 1074 τάχοι,
981 989 1084 1075 εἷἠσαν
1107 993 1221 1075 ἕτοιμοι

19 1117 22 1128 ’
120 1097 212 1162 innoc
226 1095 379 1176 βασιλικοὶ
393 1094 470 1182 πρὸς
482 1093 517 1162 τὸ
531 1091 774 1183 ἀφιππάσασθαι
787 1093 993 1177 τὸνβασιλέα

225 1226 273 1294 Ἡ
288 1229 390 1312 μέντοι
411 1226 518 1315 σπάθη
539 1239 595 1298 sori
614 1233 766 1316 βασιλέως
782 1230 828 1298 oiri
844 1233 886 1312 τῖς
897 1231 932 1297 τὸ
949 1230 1126 1320 ῥουχαρεΐον
1140 1226 1221 1316 eripi-

125 1359 245 1411 σκεται,
270 1334 310 1397 τά
331 1333 364 1398 δὲ
384 1330 567 1418 ὑποδήματα
583 1338 625 1413 τῖς
639 1335 673 1402 cd
688 1317 871 1423 γλεστιάριον.
920 1332 984 1402 ἔστι
1002 1336 1101 1400 δὲκαὶ
1118 1333 1219 1420 ἕτερον

86 1435 207 1514 rodcog
234 1432 453 1519 ὗποὸημάτων,
490 1435 511 1501 ά
537 1443 699 1506 καλοῦνται
724 1441 863 1525 τζαγγία,
896 1436 1002 1523 {porro
1027 1439 1061 1504 in
1085 1439 1219 1524 πλαγίων

124 1540 203 1606 κατά
225 1538 282 1616 τάς
303 1536 419 1623 κνήμας
432 1541 484 1605 καὶ
498 1541 546 1604 ἐπὶ
560 1548 621 1608 τῶν
635 1549 756 1628 ταρσῶν
770 1542 877 1620 derude
892 1542 945 1607 dmi
958 1544 1056 1608 λίθων
1072 1544 1122 1606 καὶ
1133 1567 1218 1626 μαρ-
1316 1580 1321 1593 ·

122 1642 255 1729 yripmr,
272 1638 359 1708 ἅτινα
382 1647 433 1708 καὶ
460 1654 552 1732 φορεῖ
568 1642 584 1710 ὅ
603 1647 749 1734 βασιλεὺς
773 1645 814 1724 eir
833 1671 865 1712 τε
885 1645 956 1722 τοὺς
970 1641 1218 1731 περιάάτουςααλ

121 1747 180 1823 τὰς
193 1742 373 1831 προκύψας.
423 1750 474 1811 καὶ
489 1745 506 1812 ὃ
522 1755 619 1814 ταῦτα
635 1756 730 1815 ποιῶν
745 1745 988 1834 οάτζαγγάριος,
1015 1745 1057 1824 ὡς
1070 1748 1099 1811 οἶ
1113 1749 1218 1834 ἕτεροι,

121 1847 205 1913 ἀλλὰ
219 1847 351 1932 τζαγγάς
365 1847 551 1930 ὀνομάζεται.
602 1849 730 1936 ὁπηνίκα
745 1856 818 1938 γοῦν
834 1849 934 1936 δεήσει
947 1851 1001 1916 τὸν
1015 1852 1144 1934 βασιλέα
1160 1875 1217 1922 κα·
1233 1856 1258 1910 D

81 1955 342 2035 tifloriirurr'ioor,
376 1951 463 2036 φέρει
485 1951 524 2016 τά
545 1949 729 2037 ὑποδήματα
749 1952 955 2020 παιδάπουλον
975 1961 1029 2020 τοῦ
1048 1955 1222 2038 βεστιαρλου

121 2050 228 2130 ἐκτός,
255 2049 334 2117 οὕτω
354 2059 462 2129 κοινῶς
473 2053 694 2137 ὀνομαζομένου
709 2057 940 2144 άλλαξιμαρίου.
990 2053 1223 2137 {coaptantem

121 2149 179 2242 οὖν
192 2157 244 2220 καὶ
259 2154 554 2237 καβαλλικεάσανιος
567 2166 622 2223 τοῦ
635 2161 786 2240 βασιλέως
790 2205 800 2237 ,
822 2159 851 2224 oi
868 2159 1065 2244 άνακαρισταὶ
1079 2155 1223 2242 κροάουσι

121 2259 163 2328 τὰ
179 2255 337 2346 άνάκαρα,
362 2261 540 2338 σαλπίζουσι
554 2261 650 2326 δὲκαὶ
665 2261 694 2325 oi
707 2264 886 2346 σαλπιγκταὶ
899 2257 1010 2344 ὁμοίως
1021 2263 1071 2326 καὶ
1084 2261 1113 2324 oi
1125 2267 1222 2343 βουκι
1311 2274 1316 2284 ”

122 2358 278 2448 κινάτορές
304 2359 349 2425 ‹u’
376 2360 513 2446 ὀργάνων
533 2361 682 2448 ἀργυρῶν.
735 2365 768 2428 αἱ
790 2365 894 2446 μέντοι
915 2363 994 2428 κατὰ
1008 2364 1064 2448 τὴν
1077 2361 1221 2448 τοιαύτην

81 2463 290 2553 κθῧπηρεσίαν
302 2466 500 2544 σαλπίζουσαι
515 2463 677 2554 σάλπιγγες
691 2465 726 2531 οὗ
743 2467 821 2532 κατὰ
836 2467 892 2544 τάς
907 2465 1001 2544 ἄλλας
1018 2469 1074 2533 εἰσὶ
1091 2465 1220 2552 σάλπιγ-

122 2595 197 2656 γας,
218 2567 290 2634 ἀλλ’
308 2564 410 2656 ἕτερόν
424 2593 452 2634 τι
465 2573 579 2653 σχῆμα.
631 2572 727 2655 δηλοῖ-
739 2571 772 2636 δέ
782 2573 841 2636 καὶ
855 2567 875 2656 ἦ
890 2577 951 2636 τῶν
967 2568 1112 2636 τοιούτων
1125 2567 1220 2658 ὀργά-

192 2815 474 2886 λκροσαγαγεῖνλΒ
522 2827 525 2836 “
577 2817 612 2874 ts
628 2811 685 2886 ria]
702 2809 761 2887 ἧος
778 2811 986 2884 οκντοάοάςΡ

121 3037 215 3110 puisse
232 3043 260 3092 st
274 3044 304 3093 ut
320 3055 410 3105 suum,
425 3037 579 3108 imperatori
592 3056 684 3094 munus
699 3039 835 3094 obtulisse.
868 3039 1064 3110 imperatorem,
1082 3057 1139 3094 cum
1153 3039 1219 3094 haec

123 3108 307 3178 comperisset,
327 3108 413 3160 statim
432 3108 460 3160 iu
476 3109 589 3177 vestigio
607 3109 774 3162 descendisse
791 3111 825 3163 de
843 3126 925 3178 equo,
944 3127 1054 3178 eumque
1071 3110 1176 3162 dedisse
1193 3109 1218 3162 si

122 3177 197 3232 cuius
222 3184 289 3230 erat.
310 3195 382 3232 'cum
406 3186 492 3232 autem
514 3187 576 3231 tunc
598 3195 660 3232 usus
678 3195 803 3248 equorum
821 3178 865 3247 qui
882 3196 959 3233 manu
977 3181 1135 3234 ducerentur
1153 3196 1219 3231 nun-

122 3249 183 3300 dum
205 3246 370 3300 introductus
393 3253 477 3312 esset„
505 3253 533 3300 et
554 3245 696 3316 imperator
719 3265 787 3318 equo
809 3241 931 3315 indigens
954 3247 1058 3301 obvium
1076 3249 1221 3316 equitasset

122 3332 230 3384 equum,
254 3317 386 3384 decretum
403 3315 487 3368 fuisse
504 3324 534 3368 ut
550 3334 607 3369 eum
620 3317 812 3372 ⁴comitarentur
829 3317 890 3399 equi
908 3317 1053 3388 sessoribus
1071 3317 1165 3384 vacui,
1191 3325 1221 3373 ut

122 3383 145 3437 si
165 3385 225 3464 quja
242 3403 318 3438 casus
336 3385 475 3452 existeret,
501 3385 590 3455 parati
607 3393 779 3456 suppeterent
798 3403 859 3458 equs
876 3385 1052 3457 imperatorii,
1073 3387 1119 3457 qui
1136 3387 1220 3458 impe-

121 3463 235 3508 ratorem
252 3472 333 3524 equos
351 3461 490 3507 mutantem
506 3455 667 3524 exciperent.

190 3557 294 3629 Spatha
317 3573 363 3612 seu
386 3555 457 3610 ensis
480 3556 644 3627 imperatorie
666 3571 770 3625 semper
793 3556 878 3610 estin
894 3555 1031 3626 rodhario,
1055 3541 1139 3612 calcei
1156 3577 1221 3613 uero

120 3625 148 3680 in
172 3627 311 3680 vestiario.
347 3636 387 3679 est
413 3635 440 3678 et
463 3626 514 3681 alia
537 3626 639 3696 species
664 3625 824 3693 calceorum,
849 3626 893 3696 qui
917 3627 1083 3681 nominantur
1105 3629 1220 3698 tzangia.

119 3696 301 3764 insigniuntur
318 3713 334 3748 a
351 3694 478 3748 lateribus
499 3697 640 3748 secundum
663 3694 743 3747 tibias
761 3701 788 3747 et
804 3695 832 3748 in
850 3694 993 3766 calcaneis,
1019 3695 1113 3766 aquilis
1133 3715 1165 3750 ex
1181 3698 1221 3750 la-

98 3765 192 3837 *pillis
217 3773 244 3818 et
261 3764 428 3834 margaritis,
461 3781 527 3834 quos
552 3764 630 3817 etiam
655 3764 740 3818 induit
763 3764 905 3833 imperator
929 3766 962 3818 ad
988 3767 1169 3836 processiones
1195 3771 1223 3820 et

119 3835 321 3888 ostentationes.
356 3840 384 3886 et
407 3835 453 3902 qui
475 3835 522 3886 bos
545 3834 646 3888 calceos
664 3833 743 3900 facit,
768 3849 820 3886 non
837 3835 986 3902 trangurius
1003 3836 1061 3889 sive
1079 3845 1167 3903 sutor,
1192 3843 1222 3888 ut

119 3903 219 3972 ceteri,
245 3905 293 3958 sed
309 3911 419 3972 manger
437 3919 485 3955 seu
503 3910 609 3956 mancas
627 3903 782 3974 appellatur.
817 3904 1023 3974 quandocunque
1040 3905 1122 3973 igitur
1138 3905 1222 4022 ἰτορο-

117 3983 235 4026 retorem
253 3973 372 4044 equitare
391 3979 510 4041 oportet,
529 3971 631 4026 calceos
648 3972 735 4025 adfert
751 3989 818 4040 puer
835 3991 868 4026 ex
884 3974 1027 4042 vestiario,
1053 3973 1123 4042 quod
1140 3989 1174 4024 ru
1185 3989 1218 4040 go

116 4049 217 4096 vocant
241 4041 437 4096 aliaximarium.
472 4048 565 4110 parato
590 4041 641 4096 iam
667 4049 695 4094 et
715 4041 850 4110 equitante
872 4042 1030 4112 imperatore
1048 4041 1218 4111 cymbalistae

117 4111 239 4178 cymbala
261 4111 383 4183 pulsant,
410 4109 539 4163 tubicines
556 4111 627 4164 tubis
644 4115 672 4164 et
688 4109 869 4164 buccinatores
886 4113 1003 4165 buccinis
1021 4111 1151 4179 argenteis
1170 4127 1216 4164 ca·

116 4189 193 4236 nunt.
228 4181 279 4234 bae
303 4197 366 4233 vero
390 4180 470 4232 tubae
490 4179 550 4232 huic
567 4179 625 4232 usui
640 4179 789 4234 destinatae
808 4197 860 4234 uon
879 4182 998 4236 referunt
1015 4179 1122 4232 aliarum
1138 4181 1215 4232 tuba-

115 4267 174 4304 rum
196 4249 321 4318 iormam,
344 4249 391 4302 sed
408 4247 461 4300 alia
478 4249 588 4317 quadam
606 4247 691 4317 figura
706 4248 930 4318 praeditaesunt.
965 4247 1064 4301 indicat
1086 4246 1137 4298 hoc
1156 4247 1217 4315 ipse

117 4317 198 4373 etiam
222 4335 302 4376 sonus
326 4317 416 4373 talium
432 4317 675 4386 instrumentorum,
701 4319 747 4388 qui
765 4325 821 4386 est,
844 4324 875 4371 ut
891 4317 915 4370 si
932 4317 990 4387 quis
1007 4331 1040 4368 ex
1053 4313 1150 4384 populo
1167 4315 1215 4368 oii-
1240 4389 1242 4394 ,
