2798 4690
492 273 538 342 IN
565 273 714 344 comni
734 273 818 344 GAP.
849 275 893 342 V.
1075 277 1078 286 “
1177 274 1251 346 263

148 443 175 498 et
188 455 222 500 cc
233 436 298 500 aliis
307 438 460 517 praecipuis
473 436 577 498 sadrius
588 457 636 516 per
650 438 775 497 diaconos
786 437 818 498 id
831 437 948 518 osticium
960 440 1156 519 exsequebatur,
1178 444 1249 502 sicut

149 527 222 584 sacri
245 541 352 583 maanes
368 523 467 582 iubent.
488 529 514 582 et
534 527 563 582 in
585 525 628 582 teis
653 522 982 601 Cisalpinisregianibns,
1000 531 1142 605 postquam
1171 527 1249 587 Hio-

149 611 258 670 doeicas
286 607 480 686 praedicatione
503 606 534 666 S.
560 606 684 683 Remigii
709 609 748 666 ad
775 587 907 668 Girs'stum
927 629 1062 670 conuersus
1084 617 1109 670 et
1134 612 1168 670 ab
1188 617 1250 690 ipsa

148 713 206 754 eum
219 695 303 752 tribas
317 693 424 752 mitibus
441 691 604 752 dioncorum
625 697 655 752 in
667 693 764 769 os'gitio
786 693 817 752 S.
828 696 944 774 paroisse
958 695 1111 773 baptisatus
1131 701 1247 774 exstitit,

142 799 192 859 per
204 781 378 838 successiones
390 796 482 854 regum
496 776 527 836 S.
543 779 657 855 episcopi
668 797 702 838 esc
719 780 775 837 suis
789 780 896 838 sedibus
916 786 942 838 et
961 786 1074 859 tempore
1095 785 1248 860 canpetenti

143 865 279 944 palatium
296 865 436 921 visitantes
455 865 572 920 uicissim
593 862 662 920 iane
677 861 929 922 administrationem
952 865 1143 942 disposuerunt.
1172 873 1198 926 et
1220 886 1245 926 c.

149 951 197 1012 16.
221 950 411 1028 apocrisiarius
430 953 532 1018 autem,
555 965 629 1024 paeon
646 952 775 1006 nostrates
795 948 959 1027 capetianum
978 949 1021 1008 oet
1037 951 1141 1029 palatii
1155 957 1245 1010 casto-

145 1034 203 1092 dem
221 1033 371 1110 appellant,
391 1051 486 1090 ornnem
501 1031 596 1113 clerum
605 1032 709 1109 palatii
716 1032 765 1090 sub
781 1053 846 1092 cura
869 1039 895 1092 et
914 1035 1082 1112 dispositione
1098 1055 1149 1094 sao
1166 1055 1244 1112 rege-

146 1120 200 1178 tsat.
221 1117 294 1176 infra
306 1137 329 1176 a
352 1119 392 1180 19
413 1122 444 1174 ot
463 1119 520 1180 20:
542 1117 669 1195 operibus
681 1119 824 1196 praeapae
841 1117 911 1192 dae,
934 1120 964 1178 id
984 1124 1023 1177 esi
1043 1124 1246 1198 apocrisiarios,

146 1207 322 1282 quiescatur
341 1200 413 1279 apud
436 1221 483 1258 nas
499 1201 650 1278 capeitanus
674 1201 717 1259 acl
729 1203 832 1280 palatii
852 1207 954 1278 antas,
977 1203 1009 1262 ds
1028 1206 1145 1264 omnibus
1160 1225 1245 1281 nego-

145 1293 193 1349 tiis
210 1287 393 1348 ecciesiasticis
409 1286 452 1344 net
474 1288 602 1344 ministris
625 1285 765 1362 ecelesiae,
790 1293 816 1346 et
842 1306 924 1348 comes
941 1289 1043 1366 palatii
1064 1289 1097 1348 de
1123 1292 1257 1349 omnibus'

144 1373 420 1432 saeculariterescousis
434 1370 474 1430 ast
490 1369 598 1430 iudiciis
611 1371 772 1449 suscipiendi
785 1391 876 1432 curam
894 1375 1023 1432 ιὀιίοοιον
1046 1373 1191 1446 teatsetmnt,⁸
1210 1379 1243 1434 at

143 1475 190 1516 nec
208 1457 379 1517 ecelesiastici
392 1475 440 1515 nec
455 1456 605 1514 sacratores
619 1458 696 1534 prius
712 1456 833 1516 domnam
856 1477 943 1534 regem
964 1458 1061 1536 aisque
1077 1477 1164 1517 eorum
1178 1479 1242 1518 con·

142 1541 217 1601 srsltrs
228 1545 375 1620 impericiam
388 1559 488 1600 neccsse
500 1541 637 1610 taberent,
658 1560 789 1620 quamque
802 1542 848 1602 itti
857 1542 1041 1620 praeciderent
1056 1547 1082 1601 si
1099 1547 1241 1603 necessitas

142 1634 206 1686 esset
222 1635 254 1686 ret
276 1647 360 1708 causa
378 1632 439 1684 ante
461 1645 548 1701 regem
567 1629 658 1683 merito
678 1630 765 1686 uenire
787 1627 903 1701 deberet,
928 1631 954 1687 si
973 1647 1035 1687 uero
1054 1637 1153 1689 secreta
1174 1635 1240 1688 esset

141 1731 241 1787 masa,
259 1729 338 1789 qaam
349 1713 427 1788 prius
445 1715 597 1786 congrueret
606 1711 666 1786 regi
679 1730 756 1788 qrsom
770 1715 893 1788 cnr'puam
908 1713 989 1772 atteri
1009 1713 1109 1783 dicere,
1129 1715 1240 1772 eandem

141 1797 249 1854 dicendi
270 1796 355 1859 iocum
378 1793 460 1852 eidem
484 1797 540 1872 ipsi
556 1801 746 1871 praepararent
766 1795 915 1854 introducto
935 1799 1012 1874 psius
1031 1815 1108 1872 rege,
1133 1804 1165 1855 ui
1192 1798 1240 1857 troc

140 1885 222 1943 iusto
238 1878 341 1937 modum
349 1878 475 1957 perraros
485 1878 527 1936 aet
536 1878 723 1938 honorabiliter
734 1879 777 1938 oei
787 1885 922 1958 patienter
938 1882 980 1940 net
993 1883 1074 1939 etiam
1090 1884 1238 1940 misericor.

141 1966 211 2024 diter
237 1968 387 2042 susciperet.
417 1966 604 2040 apocrisiarios
625 1963 727 2041 quidem
755 1963 788 2022 de
813 1968 885 2025 omni
908 1965 1085 2025 ecclesiastica
1112 1966 1239 2042 retrffione

140 2049 305 2121 medardino,
324 2068 430 2108 necnon
442 2051 523 2108 etiam
540 2048 572 2106 de
589 2053 728 2108 canonicae
744 2048 787 2108 act
807 2053 969 2110 monasticae
988 2049 1172 2125 altercatione,
1193 2071 1239 2110 scu

140 2153 308 2214 quaecunque
320 2133 455 2212 palatium
478 2133 589 2192 adibant
604 2152 655 2210 pso
675 2135 859 2194 ecclesiasticis
873 2136 1085 2208 necessitatibus,
1103 2136 1238 2194 solticitu-

140 2221 227 2282 dinem
239 2219 363 2290 inissem
380 2224 406 2277 et
420 2238 452 2278 oa
470 2217 648 2278 tantummodo
663 2217 695 2280 de
718 2223 832 2280 externis
848 2237 933 2297 regem
954 2221 1073 2298 odirent,
1095 2241 1163 2301 quae
1181 2224 1238 2280 sine

139 2306 189 2366 itto
199 2306 305 2386 plenius
319 2304 425 2384 definiri
439 2323 491 2364 nen
502 2306 659 2384 potuissent.

208 2427 322 2496 Legatos
359 2426 416 2482 sire
447 2426 625 2496 apocrisiarios
651 2425 683 2482 sd
715 2445 745 2484 se
773 2426 864 2483 ιοὶιιοι
892 2426 1017 2497 quomodo
1048 2424 1234 2482 contabulatio-

139 2497 227 2562 nibns,
250 2496 320 2550 ricta
344 2494 505 2567 suppeditato
529 2502 557 2548 et
581 2505 670 2567 parato
696 2497 807 2568 hospitio
838 2498 933 2550 Gracci
966 2497 1138 2567 susciperent,
1170 2513 1234 2548 con-

138 2566 237 2620 iioinus
260 2584 293 2619 ex
317 2564 468 2634 Luitprsndi
488 2563 618 2686 lopatione
642 2567 675 2620 sb
701 2566 809 2636 ipsomet
832 2566 945 2650 scripta,
970 2566 1085 2634 quemvis
1107 2565 1234 2618 intensum

138 2635 235 2688 cirria
252 2636 371 2688 Graecos
387 2633 495 2688 animum
529 2633 615 2687 eriora
632 2642 658 2688 et
676 2651 765 2704 perum
782 2651 866 2704 aeque
881 2642 986 2689 istorum
1005 2635 1092 2688 ornas
1114 2635 1232 2688 irritare-

136 2704 197 2759 rint.
232 2697 263 2756 ia
278 2697 493 2772 napuosoiossse
510 2710 655 2772 susceptam
674 2710 770 2758 narrat
802 2705 941 2770 sederant,
960 2701 1059 2772 inquit,
1076 2721 1133 2756 cam
1150 2703 1234 2770 impo-

137 2780 224 2827 ratorc
240 2773 277 2824 ad
294 2773 478 2841 disreptionsm
494 2777 607 2824 nestram
619 2775 758 2826 secundam
770 2790 858 2826 eorum
871 2773 1039 2826 traditionem
1049 2771 1233 2840 sapientissimi

137 2843 204 2910 siri,
221 2843 311 2895 Attico
328 2843 455 2910 potientes
477 2841 593 2910 elapsio,
620 2843 737 2896 Basilius
758 2841 995 2912 parssimomenos,
1025 2840 1232 2912 protoasecretis,

135 2911 349 2982 protovestiarius
369 2917 395 2963 ct
411 2911 463 2963 das
480 2909 613 2980 magistri.

106 3040 117 3102 ,’
221 3023 336 3102 p-35v.
352 3025 401 3087 20.
426 3021 461 3082 In
475 3043 532 3083 uno
555 3024 651 3082 codiee
669 3025 758 3083 Boieo
776 3031 821 3084 est
841 3022 1034 3105 inipvososou.
1055 3023 1085 3082 in
1106 3021 1232 3100 margine

137 3108 251 3169 additur
269 3107 342 3181 'idac
363 3103 594 3189 ἀνεπίγνωστον.
622 3128 707 3186 quam
728 3107 875 3169 lectionem
894 3109 918 3168 si
934 3119 1111 3187 sequamur,
1130 3109 1232 3166 itermn

136 3193 219 3274 plura
232 3194 285 3251 scit
297 3193 436 3252 Menesius
451 3211 534 3270 quam
548 3193 683 3254 eodinus.
704 3200 874 3266 nesscimus,
895 3196 1004 3271 inquit,
1024 3194 1102 3273 quate
1117 3192 1231 3269 officinm

136 3280 258 3337 tabuerit
267 3281 399 3356 peppics:
419 3284 476 3336 erat
489 3281 558 3338 enias
573 3285 660 3338 mestos
674 3281 783 3358 paone
802 3281 889 3358 idque
907 3280 1012 3358 probat
1032 3297 1067 3336 ex
1087 3277 1230 3334 Coastnn-
1289 3281 1294 3292 '

135 3363 188 3422 tini
209 3362 359 3421 mnaseas
376 3361 527 3421 Chronico.
558 3363 688 3422 miseram
714 3365 871 3441 Codinum,
898 3365 949 3440 qui
972 3362 1125 3423 Manassen
1152 3361 1230 3441 prius
1327 3417 1335 3426 ,

136 3467 195 3508 ιιοιι
204 3449 305 3527 legerit
319 3467 406 3525 quam
415 3446 508 3507 libello
517 3447 565 3506 isti
574 3448 774 3508 conscribendo
787 3468 887 3509 marrus
900 3448 1034 3508 admovit.

163 3619 164 3625 ο
205 3589 242 3644 n.
257 3606 287 3649 r.
303 3590 347 3644 22.
366 3583 383 3642 ὃ
401 3583 530 3660 ἔπαρχος]
554 3605 604 3642 ιιοιι
622 3589 686 3642 sdes
703 3589 789 3643 mritis
805 3591 866 3644 ante
884 3586 1007 3643 euersum
1024 3585 1133 3642 sasemis
1149 3599 1227 3656 prae·

135 3659 199 3714 tecti
214 3659 283 3712 urbis
298 3659 405 3726 rigabat
420 3676 524 3724 munus,
541 3664 570 3712 ut
585 3676 618 3712 ex
638 3660 756 3713 Cedreno
771 3659 797 3712 in
814 3659 902 3711 Leone
918 3657 1037 3711 Armenio
1052 3662 1080 3710 et
1095 3656 1122 3709 in
1138 3655 1228 3708 Thea-

133 3729 206 3817 phiip
221 3735 250 3782 et
265 3745 298 3814 px
313 3727 409 3781 imonis
425 3736 453 3781 et
469 3727 629 3814 Coapcandni
642 3731 690 3816 Ap
707 3728 864 3814 lpeioga'tit.
878 3728 896 3782 4
909 3728 987 3782 facile
1002 3725 1226 3812 dignoscikqns'ats

132 3789 1226 3948 sesnesenseresensere?,inescans{sennen

400 3985 591 4072 ,0
616 3928 1126 4058 iserniensem
1141 3921 1226 4050 ιν

133 4023 172 4126 οἳ
184 4019 312 4142 prpoppppp
325 4021 400 4142 ipdd
413 4022 725 4142 psddprrosviutrceaonrcar
739 4023 974 4141 sepeeossdosos,
997 4069 1044 4124 soci
1059 4033 1224 4152 natisoppps':

72 4181 89 4202 .
132 4159 178 4196 ros
200 4137 362 4230 διέφυγον,
377 4141 438 4228 imp,
455 4141 608 4228 possession
629 4143 711 4228 ipsum
732 4149 895 4226 samer-est.
924 4141 1045 4224 ‘Zonaras
1065 4153 1093 4190 sn
1110 4137 1224 4188 issacros

132 4210 253 4280 sinposia
266 4228 379 4281 esocen,
403 4227 609 4280 papassaosas
624 4214 764 4280 κενλητοιι.
799 4212 907 4268 Nreetes
924 4227 950 4262 ra
968 4208 1105 4288 Alexio-3,
1120 4204 1139 4256 l.
1157 4219 1224 4272 qno·

132 4295 185 4352 quo
200 4280 232 4336 tis
254 4297 270 4336 ο
289 4277 382 4351 Δάνος
398 4275 429 4337 io
447 4275 579 4353 parisios
596 4275 717 4353 εἰληφώς
738 4277 928 4352 προΐστασθαι
950 4277 1000 4347 τῆς
1023 4292 1076 4329 sao
1100 4289 1223 4342 repasca-
