2802 4686
159 261 231 333 1oo
314 217 523 330 cnnrsuin
536 259 592 326 nr
605 257 736 328 cosm
752 255 1084 326 cormmrsnros

155 429 231 494 odit.
270 445 358 508 nempe
369 433 395 486 et
409 427 544 501 donimus,
558 425 697 486 omnem
710 424 835 483 nonnum
844 426 947 504 prinus
956 425 1070 484 eciam
1082 426 1251 485 οίοιονίοινι

154 513 290 587 ιοιοιάοι,
309 534 360 573 non
369 513 443 588 ideo,
458 518 521 591 quin
533 515 649 570 mim'rlri
664 509 782 568 latitant
797 515 824 567 ot
840 511 1012 568 nr‘rricteriun
1026 509 1106 588 pedes
1121 511 1251 570 nllamdo

154 603 326 668 montreuil,
344 598 485 657 sacerdotii
494 595 616 674 confudit
628 595 750 654 ordinem.
777 598 803 652 et
817 593 861 652 iic
871 597 959 669 igitar
970 595 1105 670 nendos,
1126 597 1251 674 qondam

153 684 287 762 insertoris
300 681 441 742 sacerdotii
451 683 555 757 modus
569 685 598 738 r'n
610 699 637 738 oe
646 684 703 758 ipso
712 681 841 752 continet,
861 684 964 738 constat
975 681 1041 757 quia
1051 680 1168 739 noctus
1182 700 1255 758 qnae

153 769 240 828 arboe
253 772 313 826 nont
323 768 440 844 lagitione
455 771 551 826 otetur.
580 764 649 824 haec
666 762 806 843 praeclare
828 761 946 841 Calena,
972 764 1049 844 apud
1070 783 1154 842 quem
1169 764 1251 844 plura

127 854 247 934 ·leges,
268 853 294 910 si
304 852 379 911 velis.

237 953 328 1014 Addit
355 952 393 1012 ad
420 956 572 1010 extremum
605 948 710 1008 Citrius
739 948 842 1008 iniuste
874 949 966 1008 facere
996 947 1058 1008 illos
1092 949 1250 1030 pontifices,

155 1040 205 1116 qui
238 1037 453 1097 hieromnemoni
474 1034 633 1094 testimonia
660 1036 696 1093 de
724 1035 783 1093 vita
805 1038 835 1093 et
860 1034 983 1092 moribus
1009 1053 1105 1094 eorum
1136 1035 1185 1110 qui
1210 1036 1249 1093 ad

154 1145 249 1185 sacros
264 1125 374 1183 ordines
385 1122 530 1198 adspirant
542 1119 715 1178 discutienda
724 1124 754 1179 et
763 1119 944 1180 examinanda
956 1119 1087 1179 tradunt:
1112 1119 1167 1179 hoc
1176 1121 1250 1180 enirn

156 1212 296 1291 pertinere
311 1209 349 1267 ad
364 1207 485 1268 officium
499 1205 727 1283 chartophylacis.
794 1259 796 1264 .

242 1310 369 1368 Codinus
388 1307 457 1366 haec
479 1305 534 1364 tria
562 1305 779 1365 hieromnemoni
805 1305 921 1384 tribuit,
942 1301 1060 1386 βλέπειν
1079 1301 1134 1380 cole
1161 1298 1251 1385 edxoie

159 1392 355 1460 incontinenti
375 1386 548 1474 ἀρχιερέως,
568 1391 655 1450 nidere
680 1397 759 1468 ona,
787 1389 841 1450 hoc
856 1397 901 1450 cst
922 1389 1075 1468 suffragia,
1094 1398 1123 1451 tn
1143 1391 1251 1450 electio-

157 1483 251 1554 nibus,
275 1500 342 1559 pone
365 1477 521 1536 sacerdotem
553 1495 695 1549 cummuni,
728 1475 772 1534 vel
799 1495 817 1534 a
846 1483 928 1553 tergo
954 1476 1055 1533 summi
1087 1477 1251 1552 sacerdotis,

157 1566 212 1625 luoc
232 1571 276 1624 est
297 1561 481 1643 patriarchae3
501 1560 603 1620 deinde
629 1565 748 1640 κρατεῖν
767 1555 824 1622 τᾶν
838 1556 1075 1642 ἐνθρονιοισμόν,
1097 1561 1189 1620 hobae
1207 1565 1253 1645 ἰἰιιΙ

158 1649 306 1710 collocandi
319 1649 426 1709 electum
441 1651 471 1707 tn
497 1647 591 1704 throno
612 1665 676 1723 seu,
699 1651 732 1704 ut
753 1645 839 1723 ungo
861 1644 1017 1725 loquimur,
1036 1646 1251 1716 ιἰιῐΙιιοοίιοιιᾶἰς

156 1737 242 1796 tertio
259 1739 379 1813 κρατεῖν
391 1731 443 1795 καὶ
458 1726 493 1793 cd
507 1723 668 1793 noverimne
686 1735 741 1810 τῆς
761 1733 960 1810 χειροτονίας,
981 1730 1083 1790 habeoe
1104 1732 1189 1790 etiam
1207 1731 1251 1789 ius

155 1819 316 1898 auspicandi
329 1837 374 1878 eeu
385 1816 497 1877 canendi
512 1820 658 1876 contactam
674 1815 880 1876 inordinatione
895 1820 1002 1876 canori
1021 1824 1177 1876 connectam
1211 1817 1252 1874 itu

157 1906 270 1982 quidem
291 1903 405 1980 Iunius,
425 1902 486 1978 cui,
508 1901 585 1976 quod
604 1896 765 1963 ιιοντᾶκιον
783 1904 915 1960 coroticum
935 1901 1135 1979 interpretatur
1157 1906 1187 1959 et
1207 1900 1252 1960 hic

156 1986 457 2064 fol.100tf01.114,
477 1985 605 2044 assentiri
620 2005 734 2064 prorsus
754 2004 813 2044 non
826 2003 948 2064 possnnn
969 1990 1101 2046 canticum
1116 1987 1189 2046 enim
1201 2005 1252 2062 ge-

156 2074 251 2136 nerale
270 2080 330 2134 est:
352 2072 484 2148 quicquid
508 2072 582 2130 enim
600 2072 662 2130 cani
683 2077 795 2148 potest,
819 2071 850 2128 id
870 2070 968 2146 utique
987 2077 1063 2130 recte
1081 2071 1136 2130 dici
1156 2077 1252 2148 potest

157 2165 298 2220 canticam
339 2164 371 2216 at
385 2151 598 2219 nonedarovest
618 2157 755 2234 peculiare
776 2156 919 2230 quoddam
938 2175 1044 2233 genus,
1065 2161 1098 2214 nt
1118 2161 1198 2235 patet
1217 2175 1252 2214 ex

159 2247 330 2304 Graecorum
343 2242 419 2300 libris
434 2240 593 2317 ritualibus,
611 2243 684 2299 sicut
703 2248 733 2299 et
754 2240 831 2318 apud
849 2242 963 2298 eosdem
984 2240 1099 2341 εῑρροί,
1122 2245 1252 2320 tropario,

159 2349 288 2402 conones,
311 2328 390 2399 odae,
415 2327 559 2399 theotecto,
580 2319 715 2404 οτιχρρᾶ,
739 2326 926 2403 contrecta,
945 2345 1113 2406 προοομοια
1131 2333 1184 2385 etc.
1202 2345 1253 2405 pe-

159 2415 271 2473 culiaria
285 2412 421 2488 quaedam
440 2415 508 2468 sunt
522 2407 698 2468 ecclesiastici
714 2409 784 2467 ritus
798 2410 998 2483 modulamina3
1019 2412 1253 2487 quemadmodum

158 2501 245 2558 etiarn
258 2497 334 2576 apud
348 2494 465 2554 Latinos
482 2513 586 2572 vercae,
607 2495 747 2566 versiculi,
774 2495 951 2572 antiphonae,
970 2495 1117 2572 graduale,
1141 2502 1254 2571 troctas,

159 2587 294 2663 scqnnotic
310 2587 339 2640 et
353 2579 451 2639 similia
463 2585 522 2638 tam
536 2580 566 2637 in
577 2580 670 2638 divino
683 2580 783 2638 missae
797 2581 929 2640 sacrificio
946 2599 1031 2656 quarn
1044 2587 1123 2639 extra
1142 2581 1172 2639 iu
1189 2601 1254 2659 pre-

160 2670 239 2737 cibus
258 2666 446 2728 ecclesiasticis
468 2665 579 2724 imitata
607 2684 693 2743 quare
707 2683 758 2746 per
775 2665 915 2746 generalia
929 2665 1064 2727 vocabule
1079 2667 1179 2726 idonee
1194 2685 1254 2725 non

160 2757 358 2835 exprimuntur.

245 2872 376 2930 Secundo
390 2869 568 2930 vehementer
587 2869 686 2930 dubito
703 2889 771 2929 num
786 2865 907 2951 βλέπειν
927 2861 1016 2948 εόχᾶς
1031 2869 1070 2928 sit
1088 2869 1157 2928 illud
1175 2870 1253 2944 quod

160 2957 222 3016 vult
242 2957 352 3014 lunius:
373 2975 438 3014 nam
459 2949 547 3033 εὐχάς
567 2974 619 3031 pro
639 2954 783 3031 suffragiis
797 2956 885 3033 accipi
907 2956 985 3032 apud
1007 2955 1149 3032 Graecos,
1169 2955 1254 3012 etiarn

161 3043 342 3115 recentiores,
362 3041 456 3098 nescio
476 3059 543 3098 num
555 3037 680 3117 exemplo
698 3040 792 3116 aliquo
809 3040 993 3100 demonstrari
1016 3051 1110 3116 queat
1151 3037 1255 3098 Latine

162 3129 275 3204 quidem
286 3126 371 3202 vulgo
383 3124 531 3202 accipimus
545 3130 608 3183 voto
622 3143 673 3202 pro
692 3123 848 3202 suffragiis:
868 3126 921 3183 sed
939 3125 1033 3184 nescio
1055 3145 1122 3184 num
1138 3123 1253 3184 Graecis

161 3215 230 3272 haec
246 3213 324 3275 notio
340 3215 453 3288 recepta
472 3211 525 3285 sit,
545 3214 621 3268 certe
640 3209 686 3268 vix
706 3211 798 3272 credo.
819 3216 850 3268 et
872 3210 942 3284 qnid
965 3211 1080 3270 tandem
1101 3210 1170 3269 illud
1198 3215 1254 3288 est,

157 3318 224 3378 poree
241 3297 399 3356 sacerdotem
415 3300 480 3354 coto
496 3315 541 3352 oen
559 3293 695 3371 suffragio
707 3295 852 3373 impicero?
872 3296 926 3353 nisi
937 3296 1016 3354 istud
1029 3291 1158 3358 ὄπισθεν
1172 3315 1255 3352 usur-

39 3395 43 3406 '
160 3389 243 3462 petur
257 3403 308 3459 pro
321 3387 396 3459 poet,
417 3385 449 3438 ut
462 3399 560 3443 sensus
574 3379 628 3458 sit,
647 3385 714 3458 post
727 3375 884 3458 pontificem
896 3381 995 3458 inspici
1009 3381 1159 3458 suffragia,
1182 3399 1254 3455 quae

162 3469 276 3526 Graecis
294 3473 323 3525 et
339 3466 393 3544 ipsi
417 3466 527 3524 Codino
548 3465 653 3544 passim
669 3467 788 3542 ψῆφοι,
815 3465 851 3524 ab
869 3466 1101 3524 hieromnemone.
1128 3484 1180 3523 nec
1203 3485 1255 3542 per

70 3569 72 3578 ’
162 3547 252 3632 εὐχάς
261 3551 378 3628 intelligi
391 3551 511 3608 arbitror
524 3547 577 3622 τὰς
587 3545 737 3628 ἐγγραφοῖς
748 3553 809 3610 τῶν
824 3545 998 3630 μαρτύρων,
1012 3551 1130 3629 scriptas
1141 3551 1255 3608 testium

161 3638 350 3716 depositiones
367 3637 403 3693 de
423 3637 481 3693 vita
505 3641 535 3693 et
551 3633 673 3694 moribus
694 3635 925 3712 ordinandorum,
949 3654 1066 3711 quarum
1085 3655 1202 3694 examen
1215 3635 1256 3692 ait

162 3723 267 3782 Citrius
291 3721 467 3780 commissum
490 3738 525 3778 ex
543 3719 680 3797 imperitia
699 3717 854 3792 aliquorum
876 3721 1100 3780 hierornnemoni.
1141 3722 1255 3778 ineam

161 3809 248 3886 igitur
260 3805 427 3865 sententiam
439 3803 540 3862 inclino
576 3797 664 3881 εὐχάς
677 3803 831 3879 siguificare
849 3807 926 3882 apud
942 3805 1082 3864 Codinum
1094 3824 1190 3885 preces
1204 3824 1255 3862 seu

162 3894 350 3975 precationes,
370 3909 488 3966 eumque
502 3889 569 3946 nihil
581 3887 656 3946 aliud
673 3888 744 3946 velle
760 3905 845 3964 quarn
855 3891 1107 3950 hieromnemonem
1120 3897 1255 3964 tanquam

162 3975 444 4054 ‹liaconmnpontifici
464 3976 493 4033 iu
511 3974 624 4051 liturgia
638 3992 731 4031 sacras
784 3993 845 4031 eces
863 3977 998 4034 recitandi
1017 3994 1092 4052 pone
1112 3976 1253 4049 assistere,

163 4085 198 4122 eo
213 4064 298 4123 mod'o
312 4081 369 4137 quo
383 4061 467 4120 etiam
483 4061 559 4138 apud
572 4078 624 4116 nos
639 4057 748 4116 diaconi
760 4078 778 4115 a
798 4059 896 4118 sistere
914 4060 1130 4120 sacrificantibus
1145 4066 1175 4119 et
1189 4079 1253 4140 prc-

163 4169 210 4209 ces
225 4167 294 4227 quas
304 4147 423 4206 recitant
429 4145 560 4226 xaspicere
571 4148 600 4201 et
611 4142 678 4201 folia
691 4143 790 4202 itidem
803 4151 913 4204 vertere
920 4143 1020 4204 solent

232 4271 349 4343 p.5v.1.
366 4269 427 4336 Qua
437 4267 470 4323 de
486 4279 561 4321 cem
571 4257 621 4321 riv
631 4255 737 4320 eddom
747 4266 797 4337 τῆς
806 4260 949 4337 ἐκκλησίαι
958 4281 1038 4338 penes
1048 4269 1164 4332 setenet,
1176 4263 1257 4338 patr}-
