<?xml version="1.0" encoding="UTF-8"?>
<!DOCTYPE html PUBLIC "-//W3C//DTD XHTML 1.0 Transitional//EN"
    "http://www.w3.org/TR/xhtml1/DTD/xhtml1-transitional.dtd">
<html xmlns="http://www.w3.org/1999/xhtml" xml:lang="en" lang="en">
 <head>
  <title>
</title>
<meta http-equiv="Content-Type" content="text/html;charset=utf-8" />
  <meta name='ocr-system' content='tesseract 3.04.00' />
  <meta name='ocr-capabilities' content='ocr_page ocr_carea ocr_par ocr_line ocrx_word'/>
</head>
<body>
  <div class='ocr_page' id='page_1' title='image "./deofficialibusp00bekkgoog/deofficialibusp00bekkgoog_0280.png"; bbox 0 0 2798 4690; ppageno 0'>
   <div class='ocr_carea' id='block_1_1' title="bbox 147 275 1083 364">
    <p class='ocr_par' dir='ltr' id='par_1_1' title="bbox 147 275 1083 364">
     <span class='ocr_line' id='line_1_1' title="bbox 147 275 1083 364; baseline -0.019 -2"><span class='ocrx_word' id='word_1_1' title='bbox 147 289 221 364; x_wconf 76' lang='lat'><strong>264</strong></span> <span class='ocrx_word' id='word_1_2' title='bbox 299 287 507 358; x_wconf 75' lang='lat' dir='ltr'><strong>caussam</strong></span> <span class='ocrx_word' id='word_1_3' title='bbox 525 285 580 354; x_wconf 83' lang='lat' dir='ltr'><strong>ET</strong></span> <span class='ocrx_word' id='word_1_4' title='bbox 599 282 732 352; x_wconf 76' lang='lat' dir='ltr'><strong>cosm</strong></span> <span class='ocrx_word' id='word_1_5' title='bbox 747 275 1083 350; x_wconf 78' lang='lat' dir='ltr'><strong>COMMENTARIUS</strong></span> 
     </span>
    </p>
   </div>
   <div class='ocr_carea' id='block_1_2' title="bbox 147 439 1252 1004">
    <p class='ocr_par' dir='ltr' id='par_1_2' title="bbox 147 439 1252 1004">
     <span class='ocr_line' id='line_1_2' title="bbox 150 439 1250 522; baseline -0.015 -14"><span class='ocrx_word' id='word_1_6' title='bbox 150 456 213 522; x_wconf 90' lang='grc' dir='ltr'><strong><em>ριόυ</em></strong></span> <span class='ocrx_word' id='word_1_7' title='bbox 229 453 371 522; x_wconf 73' lang='grc' dir='ltr'><strong><em>φρουροῖς,</em></strong></span> <span class='ocrx_word' id='word_1_8' title='bbox 389 449 460 504; x_wconf 89' lang='lat' dir='ltr'><strong>cuins</strong></span> <span class='ocrx_word' id='word_1_9' title='bbox 478 448 513 502; x_wconf 92' lang='lat' dir='ltr'><strong>ibi</strong></span> <span class='ocrx_word' id='word_1_10' title='bbox 531 447 645 515; x_wconf 85' lang='lat' dir='ltr'><strong>scelera,</strong></span> <span class='ocrx_word' id='word_1_11' title='bbox 661 443 790 515; x_wconf 75' lang='lat' dir='ltr'><strong>rapacitas</strong></span> <span class='ocrx_word' id='word_1_12' title='bbox 807 447 835 497; x_wconf 87' lang='lat' dir='ltr'><strong>et</strong></span> <span class='ocrx_word' id='word_1_13' title='bbox 850 444 877 497; x_wconf 92' lang='lat' dir='ltr'><strong>in</strong></span> <span class='ocrx_word' id='word_1_14' title='bbox 894 441 1009 496; x_wconf 84' lang='lat' dir='ltr'><strong>sontibus</strong></span> <span class='ocrx_word' id='word_1_15' title='bbox 1026 439 1160 511; x_wconf 78' lang='lat' dir='ltr'><strong>puniendis</strong></span> <span class='ocrx_word' id='word_1_16' title='bbox 1176 443 1250 494; x_wconf 84' lang='lat' dir='ltr'><strong>atro-</strong></span> 
     </span>
     <span class='ocr_line' id='line_1_3' title="bbox 147 510 1250 584; baseline -0.012 -8"><span class='ocrx_word' id='word_1_17' title='bbox 147 525 211 578; x_wconf 83' lang='lat' dir='ltr'><strong>citas</strong></span> <span class='ocrx_word' id='word_1_18' title='bbox 227 523 387 578; x_wconf 77' lang='lat' dir='ltr'><strong>describitur.</strong></span> <span class='ocrx_word' id='word_1_19' title='bbox 422 518 474 574; x_wconf 85' lang='lat' dir='ltr'><strong>alia</strong></span> <span class='ocrx_word' id='word_1_20' title='bbox 489 522 627 572; x_wconf 84' lang='lat' dir='ltr'><strong>occurrunt</strong></span> <span class='ocrx_word' id='word_1_21' title='bbox 643 514 712 584; x_wconf 81' lang='lat' dir='ltr'><strong>apud</strong></span> <span class='ocrx_word' id='word_1_22' title='bbox 728 521 847 566; x_wconf 78' lang='lat' dir='ltr'><strong>auctores</strong></span> <span class='ocrx_word' id='word_1_23' title='bbox 863 518 1030 582; x_wconf 72' lang='lat' dir='ltr'><strong>arguments,</strong></span> <span class='ocrx_word' id='word_1_24' title='bbox 1052 511 1097 563; x_wconf 91' lang='lat' dir='ltr'><strong>ubi</strong></span> <span class='ocrx_word' id='word_1_25' title='bbox 1114 510 1147 563; x_wconf 91' lang='lat' dir='ltr'><strong>de</strong></span> <span class='ocrx_word' id='word_1_26' title='bbox 1162 510 1250 563; x_wconf 89' lang='lat' dir='ltr'><strong>vindi-</strong></span> 
     </span>
     <span class='ocr_line' id='line_1_4' title="bbox 148 579 1251 650; baseline -0.015 -2"><span class='ocrx_word' id='word_1_27' title='bbox 148 594 236 648; x_wconf 86' lang='lat' dir='ltr'><strong>candis</strong></span> <span class='ocrx_word' id='word_1_28' title='bbox 252 592 391 648; x_wconf 74' lang='lat' dir='ltr'><strong>sceleribus</strong></span> <span class='ocrx_word' id='word_1_29' title='bbox 408 605 498 644; x_wconf 85' lang='lat' dir='ltr'><strong>senno.</strong></span> <span class='ocrx_word' id='word_1_30' title='bbox 533 602 658 639; x_wconf 87' lang='lat' dir='ltr'><strong>annonam</strong></span> <span class='ocrx_word' id='word_1_31' title='bbox 675 585 701 636; x_wconf 94' lang='lat' dir='ltr'><strong>in</strong></span> <span class='ocrx_word' id='word_1_32' title='bbox 718 583 782 636; x_wconf 89' lang='lat' dir='ltr'><strong>urbe</strong></span> <span class='ocrx_word' id='word_1_33' title='bbox 799 581 967 650; x_wconf 80' lang='lat' dir='ltr'><strong>providebat,</strong></span> <span class='ocrx_word' id='word_1_34' title='bbox 986 586 1012 634; x_wconf 88' lang='lat' dir='ltr'><strong>et</strong></span> <span class='ocrx_word' id='word_1_35' title='bbox 1029 579 1140 650; x_wconf 88' lang='lat' dir='ltr'><strong>pretium</strong></span> <span class='ocrx_word' id='word_1_36' title='bbox 1156 597 1190 632; x_wconf 93' lang='lat' dir='ltr'><strong>ne</strong></span> <span class='ocrx_word' id='word_1_37' title='bbox 1203 596 1251 632; x_wconf 86' lang='lat' dir='ltr'><strong>ex·</strong></span> 
     </span>
     <span class='ocr_line' id='line_1_5' title="bbox 150 643 1249 728; baseline -0.012 -14"><span class='ocrx_word' id='word_1_38' title='bbox 150 664 253 714; x_wconf 88' lang='lat' dir='ltr'><strong>cederet</strong></span> <span class='ocrx_word' id='word_1_39' title='bbox 268 661 374 728; x_wconf 82' lang='lat' dir='ltr'><strong>figebat.</strong></span> <span class='ocrx_word' id='word_1_40' title='bbox 410 657 526 709; x_wconf 77' lang='lat' dir='ltr'><strong>Zonaras</strong></span> <span class='ocrx_word' id='word_1_41' title='bbox 544 670 631 706; x_wconf 87' lang='lat' dir='ltr'><strong>rursus</strong></span> <span class='ocrx_word' id='word_1_42' title='bbox 648 653 673 704; x_wconf 96' lang='lat' dir='ltr'><strong>in</strong></span> <span class='ocrx_word' id='word_1_43' title='bbox 691 651 851 720; x_wconf 79' lang='lat' dir='ltr'><strong>Theopltilo:</strong></span> <span class='ocrx_word' id='word_1_44' title='bbox 870 645 946 711; x_wconf 79' lang='grc' dir='ltr'><strong><em>ὅπως</em></strong></span> <span class='ocrx_word' id='word_1_45' title='bbox 963 645 1080 702; x_wconf 73' lang='grc' dir='ltr'><strong><em>ἕκαστον</em></strong></span> <span class='ocrx_word' id='word_1_46' title='bbox 1092 649 1147 701; x_wconf 87' lang='grc' dir='ltr'><strong>τῶν</strong></span> <span class='ocrx_word' id='word_1_47' title='bbox 1158 643 1249 701; x_wconf 83' lang='grc' dir='ltr'><strong><em>ῶνίων</em></strong></span> 
     </span>
     <span class='ocr_line' id='line_1_6' title="bbox 149 711 1249 797; baseline -0.013 -13"><span class='ocrx_word' id='word_1_48' title='bbox 149 727 334 797; x_wconf 79' lang='grc' dir='ltr'><strong>πιπράσκεται</strong></span> <span class='ocrx_word' id='word_1_49' title='bbox 351 719 591 794; x_wconf 75' lang='grc' dir='ltr'><strong><em>ἐπολυπραγμόνει</em></strong></span> <span class='ocrx_word' id='word_1_50' title='bbox 607 717 656 775; x_wconf 75' lang='grc' dir='ltr'><strong><em>καὶ</em></strong></span> <span class='ocrx_word' id='word_1_51' title='bbox 672 713 867 787; x_wconf 71' lang='grc' dir='ltr'><strong><em>ἐπυνθάνετο,</em></strong></span> <span class='ocrx_word' id='word_1_52' title='bbox 891 716 940 774; x_wconf 82' lang='grc' dir='ltr'><strong>καλ</strong></span> <span class='ocrx_word' id='word_1_53' title='bbox 958 715 985 770; x_wconf 84' lang='grc' dir='ltr'><strong>εἰ</strong></span> <span class='ocrx_word' id='word_1_54' title='bbox 1000 719 1106 771; x_wconf 79' lang='grc' dir='ltr'><strong><em>πολλοῦ</em></strong></span> <span class='ocrx_word' id='word_1_55' title='bbox 1120 711 1183 770; x_wconf 73' lang='grc' dir='ltr'><strong><em>τινα</em></strong></span> <span class='ocrx_word' id='word_1_56' title='bbox 1200 735 1249 770; x_wconf 83' lang='grc' dir='ltr'><strong><em>πι-</em></strong></span> 
     </span>
     <span class='ocr_line' id='line_1_7' title="bbox 148 777 1251 876; baseline -0.014 -24"><span class='ocrx_word' id='word_1_57' title='bbox 148 797 329 866; x_wconf 87' lang='grc' dir='ltr'><strong><em>πρασκόμενα</em></strong></span> <span class='ocrx_word' id='word_1_58' title='bbox 346 790 487 861; x_wconf 73' lang='grc' dir='ltr'><strong><em>εὕρισκεν,</em></strong></span> <span class='ocrx_word' id='word_1_59' title='bbox 510 788 561 847; x_wconf 84' lang='grc' dir='ltr'><strong>τὸν</strong></span> <span class='ocrx_word' id='word_1_60' title='bbox 576 785 699 876; x_wconf 51' lang='grc' dir='ltr'><strong><em>ἔπαρχον</em></strong></span> <span class='ocrx_word' id='word_1_61' title='bbox 712 787 777 853; x_wconf 86' lang='grc' dir='ltr'><strong><em>περλ</em></strong></span> <span class='ocrx_word' id='word_1_62' title='bbox 792 784 899 842; x_wconf 81' lang='grc' dir='ltr'><strong><em>τούτων</em></strong></span> <span class='ocrx_word' id='word_1_63' title='bbox 916 782 1059 854; x_wconf 79' lang='grc' dir='ltr'><strong><em>ἀνέκρινε,</em></strong></span> <span class='ocrx_word' id='word_1_64' title='bbox 1083 784 1132 839; x_wconf 86' lang='grc' dir='ltr'><strong>καλ</strong></span> <span class='ocrx_word' id='word_1_65' title='bbox 1156 777 1177 854; x_wconf 75' lang='grc' dir='ltr'><em>ἢ</em></span> <span class='ocrx_word' id='word_1_66' title='bbox 1199 803 1251 838; x_wconf 87' lang='grc' dir='ltr'><strong><em>κοι-</em></strong></span> 
     </span>
     <span class='ocr_line' id='line_1_8' title="bbox 148 851 1251 935; baseline -0.015 -13"><span class='ocrx_word' id='word_1_67' title='bbox 148 863 328 935; x_wconf 76' lang='grc' dir='ltr'><strong><em>ταγινῶσκων</em></strong></span> <span class='ocrx_word' id='word_1_68' title='bbox 344 861 446 920; x_wconf 79' lang='grc' dir='ltr'><strong><em>τούτου</em></strong></span> <span class='ocrx_word' id='word_1_69' title='bbox 464 859 550 916; x_wconf 74' lang='grc' dir='ltr'><strong><em>ἔπαυε</em></strong></span> <span class='ocrx_word' id='word_1_70' title='bbox 565 860 618 929; x_wconf 81' lang='grc' dir='ltr'><strong><em>τῆς</em></strong></span> <span class='ocrx_word' id='word_1_71' title='bbox 633 851 757 928; x_wconf 64' lang='lat' dir='ltr'><strong>copisti</strong></span> <span class='ocrx_word' id='word_1_72' title='bbox 780 851 955 924; x_wconf 71' lang='grc' dir='ltr'><strong>ἐπιπλήττων</strong></span> <span class='ocrx_word' id='word_1_73' title='bbox 978 851 1115 924; x_wconf 71' lang='grc' dir='ltr'><strong><em>διώρθου.</em></strong></span> <span class='ocrx_word' id='word_1_74' title='bbox 1149 854 1251 924; x_wconf 85' lang='lat' dir='ltr'><strong>reliqua</strong></span> 
     </span>
     <span class='ocr_line' id='line_1_9' title="bbox 149 923 1252 1004; baseline -0.012 -14"><span class='ocrx_word' id='word_1_75' title='bbox 149 937 206 990; x_wconf 87' lang='lat' dir='ltr'><strong>eius</strong></span> <span class='ocrx_word' id='word_1_76' title='bbox 230 935 314 990; x_wconf 84' lang='lat' dir='ltr'><strong>munis</strong></span> <span class='ocrx_word' id='word_1_77' title='bbox 337 936 395 988; x_wconf 84' lang='lat' dir='ltr'><strong>lose</strong></span> <span class='ocrx_word' id='word_1_78' title='bbox 415 931 579 1004; x_wconf 76' lang='lat' dir='ltr'><strong>prosequitur</strong></span> <span class='ocrx_word' id='word_1_79' title='bbox 597 929 698 998; x_wconf 76' lang='lat' dir='ltr'><strong>Eclogs</strong></span> <span class='ocrx_word' id='word_1_80' title='bbox 722 927 802 980; x_wconf 88' lang='lat' dir='ltr'><strong>citata</strong></span> <span class='ocrx_word' id='word_1_81' title='bbox 828 927 895 984; x_wconf 85' lang='lat' dir='ltr'><strong>luris</strong></span> <span class='ocrx_word' id='word_1_82' title='bbox 915 925 968 981; x_wconf 79' lang='lat' dir='ltr'><strong>GR</strong></span> <span class='ocrx_word' id='word_1_83' title='bbox 987 930 1047 980; x_wconf 79' lang='grc' dir='ltr'><strong><em>λοιο.</em></strong></span> <span class='ocrx_word' id='word_1_84' title='bbox 1070 926 1135 995; x_wconf 67' lang='lat' dir='ltr'><strong>tp·</strong></span> <span class='ocrx_word' id='word_1_85' title='bbox 1158 923 1192 980; x_wconf 81' lang='lat'><strong>85</strong></span> <span class='ocrx_word' id='word_1_86' title='bbox 1216 925 1252 978; x_wconf 89' lang='grc'><strong>86</strong></span> 
     </span>
    </p>
   </div>
   <div class='ocr_carea' id='block_1_3' title="bbox 151 1007 240 1061">
    <p class='ocr_par' dir='ltr' id='par_1_3' title="bbox 151 1007 240 1061">
     <span class='ocr_line' id='line_1_10' title="bbox 151 1007 240 1061; baseline 0.011 -1"><span class='ocrx_word' id='word_1_87' title='bbox 151 1015 179 1060; x_wconf 87' lang='lat' dir='ltr'><strong>et</strong></span> <span class='ocrx_word' id='word_1_88' title='bbox 197 1007 240 1061; x_wconf 87' lang='grc'><strong>99.</strong></span> 
     </span>
    </p>
   </div>
   <div class='ocr_carea' id='block_1_4' title="bbox 152 1103 1238 1276">
    <p class='ocr_par' dir='ltr' id='par_1_4' title="bbox 152 1103 1238 1276">
     <span class='ocr_line' id='line_1_11' title="bbox 159 1103 1238 1198; baseline -0.013 -18"><span class='ocrx_word' id='word_1_89' title='bbox 159 1171 164 1180; x_wconf 94' lang='grc'><strong><em>.</em></strong></span> <span class='ocrx_word' id='word_1_90' title='bbox 238 1139 266 1198; x_wconf 86' lang='lat' dir='ltr'><strong>p·</strong></span> <span class='ocrx_word' id='word_1_91' title='bbox 284 1119 326 1181; x_wconf 78' lang='lat'><strong>36</strong></span> <span class='ocrx_word' id='word_1_92' title='bbox 339 1135 365 1174; x_wconf 88' lang='lat' dir='ltr'><strong>v.</strong></span> <span class='ocrx_word' id='word_1_93' title='bbox 381 1115 430 1176; x_wconf 93' lang='lat'><strong>11.</strong></span> <span class='ocrx_word' id='word_1_94' title='bbox 451 1111 532 1190; x_wconf 81' lang='lat' dir='ltr'><strong>Lego</strong></span> <span class='ocrx_word' id='word_1_95' title='bbox 546 1114 608 1174; x_wconf 87' lang='grc' dir='ltr'><strong>τῶν</strong></span> <span class='ocrx_word' id='word_1_96' title='bbox 623 1108 769 1194; x_wconf 70' lang='lat' dir='ltr'><strong>empireo</strong></span> <span class='ocrx_word' id='word_1_97' title='bbox 786 1110 913 1190; x_wconf 78' lang='grc' dir='ltr'><strong><em>μεστῶν</em></strong></span> <span class='ocrx_word' id='word_1_98' title='bbox 930 1109 1060 1191; x_wconf 88' lang='grc' dir='ltr'><strong><em>κριτῶν,</em></strong></span> <span class='ocrx_word' id='word_1_99' title='bbox 1082 1125 1146 1166; x_wconf 88' lang='lat' dir='ltr'><strong>cum</strong></span> <span class='ocrx_word' id='word_1_100' title='bbox 1167 1103 1238 1166; x_wconf 87' lang='lat' dir='ltr'><strong>Glos</strong></span> 
     </span>
     <span class='ocr_line' id='line_1_12' title="bbox 152 1199 1221 1276; baseline -0.018 -13"><span class='ocrx_word' id='word_1_101' title='bbox 152 1205 234 1263; x_wconf 84' lang='lat' dir='ltr'><strong>sario.</strong></span> <span class='ocrx_word' id='word_1_102' title='bbox 255 1201 343 1263; x_wconf 83' lang='lat' dir='ltr'><strong>facilis</strong></span> <span class='ocrx_word' id='word_1_103' title='bbox 356 1199 450 1259; x_wconf 88' lang='lat' dir='ltr'><strong>mendi</strong></span> <span class='ocrx_word' id='word_1_104' title='bbox 464 1199 543 1276; x_wconf 81' lang='lat' dir='ltr'><strong>origo</strong></span> <span class='ocrx_word' id='word_1_105' title='bbox 557 1199 619 1258; x_wconf 81' lang='lat' dir='ltr'><strong>fuit</strong></span> <span class='ocrx_word' id='word_1_106' title='bbox 843 1241 847 1250; x_wconf 92' lang='lat'><strong>.</strong></span> <span class='ocrx_word' id='word_1_107' title='bbox 1219 1239 1221 1244; x_wconf 91' lang='lat'><strong>.</strong></span> 
     </span>
    </p>
   </div>
   <div class='ocr_carea' id='block_1_5' title="bbox 153 1310 1259 2218">
    <p class='ocr_par' dir='ltr' id='par_1_5' title="bbox 153 1310 1259 2218">
     <span class='ocr_line' id='line_1_13' title="bbox 221 1310 1256 1388; baseline -0.011 -12"><span class='ocrx_word' id='word_1_108' title='bbox 221 1323 286 1377; x_wconf 78' lang='lat' dir='ltr'><strong>illd.</strong></span> <span class='ocrx_word' id='word_1_109' title='bbox 303 1323 360 1377; x_wconf 86' lang='grc' dir='ltr'><strong>τῶν</strong></span> <span class='ocrx_word' id='word_1_110' title='bbox 369 1310 519 1388; x_wconf 57' lang='grc' dir='ltr'><strong><em>’σεκρέτων]</em></strong></span> <span class='ocrx_word' id='word_1_111' title='bbox 547 1333 598 1372; x_wconf 93' lang='lat' dir='ltr'><strong>non</strong></span> <span class='ocrx_word' id='word_1_112' title='bbox 623 1331 699 1371; x_wconf 82' lang='lat' dir='ltr'><strong>unum</strong></span> <span class='ocrx_word' id='word_1_113' title='bbox 725 1315 807 1369; x_wconf 81' lang='lat' dir='ltr'><strong>luisse</strong></span> <span class='ocrx_word' id='word_1_114' title='bbox 832 1313 909 1384; x_wconf 80' lang='lat' dir='ltr'><strong>Opcli</strong></span> <span class='ocrx_word' id='word_1_115' title='bbox 933 1310 1062 1382; x_wconf 75' lang='grc' dir='ltr'><strong><em>σέκρετον</em></strong></span> <span class='ocrx_word' id='word_1_116' title='bbox 1087 1311 1172 1382; x_wconf 77' lang='lat' dir='ltr'><strong>arguit</strong></span> <span class='ocrx_word' id='word_1_117' title='bbox 1201 1327 1256 1366; x_wconf 77' lang='lat' dir='ltr'><strong>vox</strong></span> 
     </span>
     <span class='ocr_line' id='line_1_14' title="bbox 154 1381 1256 1460; baseline -0.012 -13"><span class='ocrx_word' id='word_1_118' title='bbox 154 1393 329 1447; x_wconf 83' lang='lat' dir='ltr'><strong>multitudiuis.</strong></span> <span class='ocrx_word' id='word_1_119' title='bbox 363 1387 463 1460; x_wconf 82' lang='grc' dir='ltr'><strong><em>μικρόν</em></strong></span> <span class='ocrx_word' id='word_1_120' title='bbox 486 1389 589 1458; x_wconf 78' lang='lat' dir='ltr'><strong>reperio</strong></span> <span class='ocrx_word' id='word_1_121' title='bbox 617 1387 698 1440; x_wconf 83' lang='lat' dir='ltr'><strong>luisse</strong></span> <span class='ocrx_word' id='word_1_122' title='bbox 727 1385 902 1455; x_wconf 82' lang='lat' dir='ltr'><strong>patriarchae,</strong></span> <span class='ocrx_word' id='word_1_123' title='bbox 932 1383 966 1436; x_wconf 87' lang='lat' dir='ltr'><strong>de</strong></span> <span class='ocrx_word' id='word_1_124' title='bbox 994 1399 1044 1452; x_wconf 88' lang='lat' dir='ltr'><strong>quc</strong></span> <span class='ocrx_word' id='word_1_125' title='bbox 1070 1381 1256 1450; x_wconf 69' lang='lat' dir='ltr'><strong>liucbolcgium</strong></span> 
     </span>
     <span class='ocr_line' id='line_1_15' title="bbox 153 1447 1255 1527; baseline -0.011 -11"><span class='ocrx_word' id='word_1_126' title='bbox 153 1470 268 1516; x_wconf 86' lang='lat' dir='ltr'><strong>nostrum</strong></span> <span class='ocrx_word' id='word_1_127' title='bbox 282 1470 310 1514; x_wconf 92' lang='lat' dir='ltr'><strong>et</strong></span> <span class='ocrx_word' id='word_1_128' title='bbox 327 1461 460 1514; x_wconf 79' lang='lat' dir='ltr'><strong>cedrenus</strong></span> <span class='ocrx_word' id='word_1_129' title='bbox 476 1459 503 1510; x_wconf 91' lang='lat' dir='ltr'><strong>in</strong></span> <span class='ocrx_word' id='word_1_130' title='bbox 520 1458 698 1527; x_wconf 77' lang='lat' dir='ltr'><strong>copronymot</strong></span> <span class='ocrx_word' id='word_1_131' title='bbox 722 1449 774 1516; x_wconf 77' lang='grc' dir='ltr'><strong><em>τὰς</em></strong></span> <span class='ocrx_word' id='word_1_132' title='bbox 790 1447 821 1507; x_wconf 69' lang='grc' dir='ltr'><strong>ἐν</strong></span> <span class='ocrx_word' id='word_1_133' title='bbox 836 1471 875 1525; x_wconf 81' lang='grc' dir='ltr'><strong>τρι</strong></span> <span class='ocrx_word' id='word_1_134' title='bbox 894 1469 981 1524; x_wconf 80' lang='grc' dir='ltr'><strong><em>μικρφ</em></strong></span> <span class='ocrx_word' id='word_1_135' title='bbox 997 1467 1114 1522; x_wconf 82' lang='grc' dir='ltr'><strong><em>σεκρετηο</em></strong></span> <span class='ocrx_word' id='word_1_136' title='bbox 1130 1467 1182 1504; x_wconf 90' lang='grc' dir='ltr'><strong><em>του</em></strong></span> <span class='ocrx_word' id='word_1_137' title='bbox 1198 1467 1255 1504; x_wconf 86' lang='grc' dir='ltr'><strong>πα-</strong></span> 
     </span>
     <span class='ocr_line' id='line_1_16' title="bbox 155 1517 1256 1600; baseline -0.014 -14"><span class='ocrx_word' id='word_1_138' title='bbox 155 1531 313 1600; x_wconf 80' lang='grc' dir='ltr'><strong><em>τριαρχείου</em></strong></span> <span class='ocrx_word' id='word_1_139' title='bbox 330 1524 441 1590; x_wconf 72' lang='grc' dir='ltr'><strong><em>εἰκόνας</em></strong></span> <span class='ocrx_word' id='word_1_140' title='bbox 457 1522 506 1580; x_wconf 79' lang='lat' dir='ltr'><strong>dcci</strong></span> <span class='ocrx_word' id='word_1_141' title='bbox 523 1525 658 1596; x_wconf 79' lang='grc' dir='ltr'><strong><em>ψηφίδων</em></strong></span> <span class='ocrx_word' id='word_1_142' title='bbox 674 1518 759 1585; x_wconf 76' lang='grc' dir='ltr'><strong><em>οὔσας</em></strong></span> <span class='ocrx_word' id='word_1_143' title='bbox 774 1517 936 1594; x_wconf 73' lang='grc' dir='ltr'><strong><em>κατέβαλεν.</em></strong></span> <span class='ocrx_word' id='word_1_144' title='bbox 971 1521 998 1574; x_wconf 87' lang='lat' dir='ltr'><strong>iu</strong></span> <span class='ocrx_word' id='word_1_145' title='bbox 1015 1537 1066 1590; x_wconf 91' lang='lat' dir='ltr'><strong>quo</strong></span> <span class='ocrx_word' id='word_1_146' title='bbox 1084 1520 1158 1572; x_wconf 84' lang='lat' dir='ltr'><strong>etiam</strong></span> <span class='ocrx_word' id='word_1_147' title='bbox 1174 1519 1256 1572; x_wconf 73' lang='grc' dir='ltr'><strong><em>Νισα-</em></strong></span> 
     </span>
     <span class='ocr_line' id='line_1_17' title="bbox 154 1587 1257 1670; baseline -0.01 -19"><span class='ocrx_word' id='word_1_148' title='bbox 154 1602 261 1670; x_wconf 89' lang='lat' dir='ltr'><strong>phorum</strong></span> <span class='ocrx_word' id='word_1_149' title='bbox 291 1599 450 1653; x_wconf 84' lang='lat' dir='ltr'><strong>Botaniatern</strong></span> <span class='ocrx_word' id='word_1_150' title='bbox 476 1595 647 1665; x_wconf 81' lang='lat' dir='ltr'><strong>chrysubulou</strong></span> <span class='ocrx_word' id='word_1_151' title='bbox 677 1591 840 1664; x_wconf 82' lang='lat' dir='ltr'><strong>synodalibus</strong></span> <span class='ocrx_word' id='word_1_152' title='bbox 864 1589 974 1644; x_wconf 86' lang='lat' dir='ltr'><strong>decretis</strong></span> <span class='ocrx_word' id='word_1_153' title='bbox 998 1587 1176 1642; x_wconf 86' lang='lat' dir='ltr'><strong>confirmandis</strong></span> <span class='ocrx_word' id='word_1_154' title='bbox 1201 1587 1257 1641; x_wconf 90' lang='lat' dir='ltr'><strong>edi·</strong></span> 
     </span>
     <span class='ocr_line' id='line_1_18' title="bbox 155 1657 1257 1732; baseline -0.012 -10"><span class='ocrx_word' id='word_1_155' title='bbox 155 1669 223 1722; x_wconf 86' lang='lat' dir='ltr'><strong>disse</strong></span> <span class='ocrx_word' id='word_1_156' title='bbox 240 1669 320 1720; x_wconf 83' lang='lat' dir='ltr'><strong>refert</strong></span> <span class='ocrx_word' id='word_1_157' title='bbox 336 1663 512 1732; x_wconf 80' lang='lat' dir='ltr'><strong>Bullengerus.</strong></span> <span class='ocrx_word' id='word_1_158' title='bbox 547 1671 604 1716; x_wconf 88' lang='lat' dir='ltr'><strong>erat</strong></span> <span class='ocrx_word' id='word_1_159' title='bbox 622 1662 778 1730; x_wconf 85' lang='lat' dir='ltr'><strong>privatarum</strong></span> <span class='ocrx_word' id='word_1_160' title='bbox 795 1668 929 1725; x_wconf 87' lang='lat' dir='ltr'><strong>secretum,</strong></span> <span class='ocrx_word' id='word_1_161' title='bbox 944 1657 988 1711; x_wconf 93' lang='lat' dir='ltr'><strong>ubi</strong></span> <span class='ocrx_word' id='word_1_162' title='bbox 1006 1659 1203 1711; x_wconf 83' lang='lat' dir='ltr'><strong>asservabantur</strong></span> <span class='ocrx_word' id='word_1_163' title='bbox 1215 1658 1257 1709; x_wconf 84' lang='lat' dir='ltr'><strong>in·</strong></span> 
     </span>
     <span class='ocr_line' id='line_1_19' title="bbox 156 1727 1257 1818; baseline -0.011 -28"><span class='ocrx_word' id='word_1_164' title='bbox 156 1741 295 1791; x_wconf 76' lang='lat' dir='ltr'><strong>strumento</strong></span> <span class='ocrx_word' id='word_1_165' title='bbox 305 1743 333 1788; x_wconf 88' lang='lat' dir='ltr'><strong>et</strong></span> <span class='ocrx_word' id='word_1_166' title='bbox 343 1735 413 1787; x_wconf 89' lang='lat' dir='ltr'><strong>urbis</strong></span> <span class='ocrx_word' id='word_1_167' title='bbox 428 1735 494 1799; x_wconf 89' lang='lat' dir='ltr'><strong>iura,</strong></span> <span class='ocrx_word' id='word_1_168' title='bbox 511 1733 544 1787; x_wconf 87' lang='lat' dir='ltr'><strong>de</strong></span> <span class='ocrx_word' id='word_1_169' title='bbox 554 1749 605 1818; x_wconf 72' lang='lat' dir='ltr'><strong>spuo</strong></span> <span class='ocrx_word' id='word_1_170' title='bbox 615 1732 750 1786; x_wconf 84' lang='lat' dir='ltr'><strong>Belssmou</strong></span> <span class='ocrx_word' id='word_1_171' title='bbox 765 1727 798 1782; x_wconf 88' lang='lat' dir='ltr'><strong>ad</strong></span> <span class='ocrx_word' id='word_1_172' title='bbox 819 1729 935 1782; x_wconf 85' lang='lat' dir='ltr'><strong>Marcum</strong></span> <span class='ocrx_word' id='word_1_173' title='bbox 953 1728 1121 1797; x_wconf 84' lang='lat' dir='ltr'><strong>patriarcham</strong></span> <span class='ocrx_word' id='word_1_174' title='bbox 1140 1743 1210 1796; x_wconf 87' lang='lat' dir='ltr'><strong>resp.</strong></span> <span class='ocrx_word' id='word_1_175' title='bbox 1222 1727 1257 1779; x_wconf 77' lang='lat'><strong>92</strong></span> 
     </span>
     <span class='ocr_line' id='line_1_20' title="bbox 157 1795 1259 1888; baseline -0.01 -29"><span class='ocrx_word' id='word_1_176' title='bbox 157 1799 360 1888; x_wconf 70' lang='grc' dir='ltr'><strong><em>καταστρωθὲν</em></strong></span> <span class='ocrx_word' id='word_1_177' title='bbox 376 1797 407 1856; x_wconf 76' lang='grc' dir='ltr'><strong>ἐν</strong></span> <span class='ocrx_word' id='word_1_178' title='bbox 429 1803 473 1874; x_wconf 71' lang='lat' dir='ltr'><strong>cpi</strong></span> <span class='ocrx_word' id='word_1_179' title='bbox 492 1817 609 1870; x_wconf 81' lang='grc' dir='ltr'><strong><em>σεκρετφ</em></strong></span> <span class='ocrx_word' id='word_1_180' title='bbox 633 1801 690 1854; x_wconf 89' lang='grc' dir='ltr'><strong>τῶν</strong></span> <span class='ocrx_word' id='word_1_181' title='bbox 714 1797 872 1853; x_wconf 78' lang='grc' dir='ltr'><strong><em>ολκειακῶν.</em></strong></span> <span class='ocrx_word' id='word_1_182' title='bbox 906 1805 963 1850; x_wconf 86' lang='lat' dir='ltr'><strong>erat</strong></span> <span class='ocrx_word' id='word_1_183' title='bbox 985 1805 1013 1850; x_wconf 92' lang='lat' dir='ltr'><strong>et</strong></span> <span class='ocrx_word' id='word_1_184' title='bbox 1035 1795 1207 1879; x_wconf 76' lang='lat' dir='ltr'><strong>publicarum,</strong></span> <span class='ocrx_word' id='word_1_185' title='bbox 1229 1795 1259 1848; x_wconf 89' lang='lat' dir='ltr'><strong>in</strong></span> 
     </span>
     <span class='ocr_line' id='line_1_21' title="bbox 156 1864 1259 2009; baseline -0.009 -13"><span class='ocrx_word' id='word_1_186' title='bbox 156 1871 332 2007; x_wconf 64' lang='lat' dir='ltr'><strong>tlttllltl</strong></span> <span class='ocrx_word' id='word_1_187' title='bbox 350 1873 548 2009; x_wconf 63' lang='lat' dir='ltr'><strong>lllltltlt</strong></span> <span class='ocrx_word' id='word_1_188' title='bbox 568 1867 1010 2006; x_wconf 58' lang='lat' dir='ltr'><strong>vlidliiidlill&#39;llrpilllliie’</strong></span> <span class='ocrx_word' id='word_1_189' title='bbox 1024 1864 1259 2002; x_wconf 60' lang='lat' dir='ltr'><strong>lbltpllttla</strong></span> 
     </span>
     <span class='ocr_line' id='line_1_22' title="bbox 157 2001 1259 2080; baseline -0.009 -16"><span class='ocrx_word' id='word_1_190' title='bbox 157 2012 246 2064; x_wconf 84' lang='lat' dir='ltr'><strong>Leone</strong></span> <span class='ocrx_word' id='word_1_191' title='bbox 263 2009 349 2064; x_wconf 81' lang='lat' dir='ltr'><strong>Basilii</strong></span> <span class='ocrx_word' id='word_1_192' title='bbox 367 2009 467 2080; x_wconf 86' lang='lat' dir='ltr'><strong>quidam</strong></span> <span class='ocrx_word' id='word_1_193' title='bbox 484 2015 625 2063; x_wconf 87' lang='lat' dir='ltr'><strong>autumant.</strong></span> <span class='ocrx_word' id='word_1_194' title='bbox 660 2006 728 2060; x_wconf 88' lang='lat' dir='ltr'><strong>aliud</strong></span> <span class='ocrx_word' id='word_1_195' title='bbox 752 2005 844 2058; x_wconf 82' lang='lat' dir='ltr'><strong>iterum</strong></span> <span class='ocrx_word' id='word_1_196' title='bbox 868 2005 977 2056; x_wconf 83' lang='lat' dir='ltr'><strong>observo</strong></span> <span class='ocrx_word' id='word_1_197' title='bbox 1002 2003 1029 2056; x_wconf 92' lang='lat' dir='ltr'><strong>in</strong></span> <span class='ocrx_word' id='word_1_198' title='bbox 1054 2003 1198 2071; x_wconf 86' lang='lat' dir='ltr'><strong>praetorio,</strong></span> <span class='ocrx_word' id='word_1_199' title='bbox 1225 2001 1259 2054; x_wconf 86' lang='lat' dir='ltr'><strong>dc</strong></span> 
     </span>
     <span class='ocr_line' id='line_1_23' title="bbox 159 2066 1258 2152; baseline -0.008 -20"><span class='ocrx_word' id='word_1_200' title='bbox 159 2097 210 2149; x_wconf 89' lang='lat' dir='ltr'><strong>quo</strong></span> <span class='ocrx_word' id='word_1_201' title='bbox 227 2081 401 2152; x_wconf 85' lang='lat' dir='ltr'><strong>Tbeophanes</strong></span> <span class='ocrx_word' id='word_1_202' title='bbox 416 2081 444 2131; x_wconf 92' lang='lat' dir='ltr'><strong>in</strong></span> <span class='ocrx_word' id='word_1_203' title='bbox 461 2079 564 2130; x_wconf 78' lang='lat' dir='ltr'><strong>Phocea</strong></span> <span class='ocrx_word' id='word_1_204' title='bbox 589 2072 620 2130; x_wconf 79' lang='grc' dir='ltr'><strong>σί</strong></span> <span class='ocrx_word' id='word_1_205' title='bbox 640 2073 672 2129; x_wconf 78' lang='lat' dir='ltr'><strong>al</strong></span> <span class='ocrx_word' id='word_1_206' title='bbox 688 2070 819 2142; x_wconf 75' lang='grc' dir='ltr'><strong><em>πράσινον</em></strong></span> <span class='ocrx_word' id='word_1_207' title='bbox 837 2067 939 2144; x_wconf 75' lang='grc' dir='ltr'><strong><em>ἔβαλον</em></strong></span> <span class='ocrx_word' id='word_1_208' title='bbox 955 2072 1011 2139; x_wconf 83' lang='grc' dir='ltr'><strong><em>πῶρ</em></strong></span> <span class='ocrx_word' id='word_1_209' title='bbox 1027 2068 1067 2134; x_wconf 77' lang='grc' dir='ltr'><strong>εἰς</strong></span> <span class='ocrx_word' id='word_1_210' title='bbox 1084 2067 1116 2124; x_wconf 80' lang='grc' dir='ltr'><strong><em>τὸ</em></strong></span> <span class='ocrx_word' id='word_1_211' title='bbox 1130 2066 1258 2138; x_wconf 73' lang='grc' dir='ltr'><strong><em>πραιτῶ·</em></strong></span> 
     </span>
     <span class='ocr_line' id='line_1_24' title="bbox 159 2136 1166 2218; baseline -0.009 -17"><span class='ocrx_word' id='word_1_212' title='bbox 159 2167 237 2218; x_wconf 87' lang='grc' dir='ltr'><strong><em>ριον,</em></strong></span> <span class='ocrx_word' id='word_1_213' title='bbox 254 2146 305 2204; x_wconf 85' lang='grc' dir='ltr'><strong>καλ</strong></span> <span class='ocrx_word' id='word_1_214' title='bbox 322 2144 443 2202; x_wconf 74' lang='grc' dir='ltr'><strong><em>ἔκαυσαν</em></strong></span> <span class='ocrx_word' id='word_1_215' title='bbox 459 2143 492 2202; x_wconf 85' lang='grc' dir='ltr'><strong><em>τὸ</em></strong></span> <span class='ocrx_word' id='word_1_216' title='bbox 509 2141 638 2216; x_wconf 80' lang='grc' dir='ltr'><strong><em>σεκρέτον</em></strong></span> <span class='ocrx_word' id='word_1_217' title='bbox 653 2142 703 2198; x_wconf 83' lang='grc' dir='ltr'><strong>καλ</strong></span> <span class='ocrx_word' id='word_1_218' title='bbox 719 2137 755 2197; x_wconf 79' lang='grc' dir='ltr'><strong><em>τοὶ</em></strong></span> <span class='ocrx_word' id='word_1_219' title='bbox 772 2139 945 2210; x_wconf 75' lang='grc' dir='ltr'><strong><em>σκρίνιακοιλ</em></strong></span> <span class='ocrx_word' id='word_1_220' title='bbox 961 2136 1012 2204; x_wconf 80' lang='grc' dir='ltr'><strong><em>τοὶς</em></strong></span> <span class='ocrx_word' id='word_1_221' title='bbox 1028 2136 1166 2209; x_wconf 79' lang='grc' dir='ltr'><strong><em>φυλακάς.</em></strong></span> 
     </span>
    </p>
   </div>
   <div class='ocr_carea' id='block_1_6' title="bbox 158 2249 1258 2395">
    <p class='ocr_par' dir='ltr' id='par_1_6' title="bbox 158 2249 1258 2395">
     <span class='ocr_line' id='line_1_25' title="bbox 228 2249 1258 2328; baseline -0.005 -18"><span class='ocrx_word' id='word_1_222' title='bbox 228 2259 263 2312; x_wconf 83' lang='lat' dir='ltr'><strong>ib.</strong></span> <span class='ocrx_word' id='word_1_223' title='bbox 282 2275 308 2311; x_wconf 85' lang='lat' dir='ltr'><strong>v.</strong></span> <span class='ocrx_word' id='word_1_224' title='bbox 327 2257 369 2312; x_wconf 74' lang='lat'><strong>12.</strong></span> <span class='ocrx_word' id='word_1_225' title='bbox 387 2255 519 2328; x_wconf 73' lang='grc' dir='ltr'><strong><em>βασιλικῷ</em></strong></span> <span class='ocrx_word' id='word_1_226' title='bbox 534 2250 653 2325; x_wconf 77' lang='grc' dir='ltr'><strong><em>ὁρισμῷ]</em></strong></span> <span class='ocrx_word' id='word_1_227' title='bbox 676 2254 766 2324; x_wconf 88' lang='lat' dir='ltr'><strong>quibus</strong></span> <span class='ocrx_word' id='word_1_228' title='bbox 785 2269 835 2306; x_wconf 91' lang='lat' dir='ltr'><strong>uon</strong></span> <span class='ocrx_word' id='word_1_229' title='bbox 852 2271 886 2306; x_wconf 87' lang='lat' dir='ltr'><strong>ex</strong></span> <span class='ocrx_word' id='word_1_230' title='bbox 903 2251 1009 2317; x_wconf 86' lang='lat' dir='ltr'><strong>officio,</strong></span> <span class='ocrx_word' id='word_1_231' title='bbox 1025 2249 1071 2303; x_wconf 89' lang='lat' dir='ltr'><strong>sed</strong></span> <span class='ocrx_word' id='word_1_232' title='bbox 1088 2269 1121 2304; x_wconf 89' lang='lat' dir='ltr'><strong>ex</strong></span> <span class='ocrx_word' id='word_1_233' title='bbox 1135 2249 1258 2322; x_wconf 83' lang='lat' dir='ltr'><strong>principis</strong></span> 
     </span>
     <span class='ocr_line' id='line_1_26' title="bbox 158 2321 1054 2395; baseline -0.01 -13"><span class='ocrx_word' id='word_1_234' title='bbox 158 2327 295 2382; x_wconf 84' lang='lat' dir='ltr'><strong>voluntate</strong></span> <span class='ocrx_word' id='word_1_235' title='bbox 307 2328 347 2380; x_wconf 90' lang='lat' dir='ltr'><strong>ius</strong></span> <span class='ocrx_word' id='word_1_236' title='bbox 363 2325 391 2378; x_wconf 90' lang='lat' dir='ltr'><strong>in</strong></span> <span class='ocrx_word' id='word_1_237' title='bbox 409 2325 494 2395; x_wconf 80' lang='lat' dir='ltr'><strong>aliqua</strong></span> <span class='ocrx_word' id='word_1_238' title='bbox 511 2341 589 2378; x_wconf 70' lang='lat' dir='ltr'><strong>musa</strong></span> <span class='ocrx_word' id='word_1_239' title='bbox 606 2325 706 2378; x_wconf 88' lang='lat' dir='ltr'><strong>dicendi</strong></span> <span class='ocrx_word' id='word_1_240' title='bbox 725 2321 889 2378; x_wconf 80' lang='lat' dir='ltr'><strong>committitur</strong></span> <span class='ocrx_word' id='word_1_241' title='bbox 907 2321 1054 2378; x_wconf 55' lang='lat' dir='ltr'><strong>autoritas.</strong></span> 
     </span>
    </p>
   </div>
   <div class='ocr_carea' id='block_1_7' title="bbox 161 2431 1262 2604">
    <p class='ocr_par' dir='ltr' id='par_1_7' title="bbox 161 2431 1262 2604">
     <span class='ocr_line' id='line_1_27' title="bbox 245 2431 1262 2515; baseline -0.007 -15"><span class='ocrx_word' id='word_1_242' title='bbox 245 2442 280 2500; x_wconf 78' lang='grc' dir='ltr'><strong>ιλ.</strong></span> <span class='ocrx_word' id='word_1_243' title='bbox 302 2460 329 2498; x_wconf 87' lang='lat' dir='ltr'><strong>v.</strong></span> <span class='ocrx_word' id='word_1_244' title='bbox 355 2443 401 2504; x_wconf 86' lang='grc'><strong>16.</strong></span> <span class='ocrx_word' id='word_1_245' title='bbox 425 2437 563 2515; x_wconf 86' lang='lat' dir='ltr'><strong>Mysticus</strong></span> <span class='ocrx_word' id='word_1_246' title='bbox 584 2442 629 2497; x_wconf 87' lang='lat' dir='ltr'><strong>est</strong></span> <span class='ocrx_word' id='word_1_247' title='bbox 652 2443 766 2498; x_wconf 84' lang='lat' dir='ltr'><strong>senator</strong></span> <span class='ocrx_word' id='word_1_248' title='bbox 793 2436 949 2496; x_wconf 84' lang='lat' dir='ltr'><strong>secretioris</strong></span> <span class='ocrx_word' id='word_1_249' title='bbox 966 2431 1089 2514; x_wconf 87' lang='lat' dir='ltr'><strong>consilii,</strong></span> <span class='ocrx_word' id='word_1_250' title='bbox 1117 2435 1167 2513; x_wconf 89' lang='lat' dir='ltr'><strong>qui</strong></span> <span class='ocrx_word' id='word_1_251' title='bbox 1190 2435 1262 2494; x_wconf 87' lang='lat' dir='ltr'><strong>Ger·</strong></span> 
     </span>
     <span class='ocr_line' id='line_1_28' title="bbox 161 2525 480 2604; baseline 0.006 -19"><span class='ocrx_word' id='word_1_252' title='bbox 161 2525 250 2585; x_wconf 86' lang='lat' dir='ltr'><strong>mauis</strong></span> <span class='ocrx_word' id='word_1_253' title='bbox 265 2525 395 2604; x_wconf 78' lang='lat' dir='ltr'><strong>gebeintcr</strong></span> <span class='ocrx_word' id='word_1_254' title='bbox 408 2525 480 2587; x_wconf 78' lang='lat' dir='ltr'><strong>rati.</strong></span> 
     </span>
    </p>
   </div>
   <div class='ocr_carea' id='block_1_8' title="bbox 79 2645 1264 3222">
    <p class='ocr_par' dir='ltr' id='par_1_8' title="bbox 160 2645 1264 3151">
     <span class='ocr_line' id='line_1_29' title="bbox 245 2645 1261 2728; baseline -0.005 -17"><span class='ocrx_word' id='word_1_255' title='bbox 245 2653 280 2712; x_wconf 80' lang='lat' dir='ltr'><strong>ib.</strong></span> <span class='ocrx_word' id='word_1_256' title='bbox 304 2669 330 2710; x_wconf 85' lang='lat' dir='ltr'><strong>v.</strong></span> <span class='ocrx_word' id='word_1_257' title='bbox 354 2654 402 2715; x_wconf 89' lang='lat'><strong>18.</strong></span> <span class='ocrx_word' id='word_1_258' title='bbox 430 2651 600 2709; x_wconf 87' lang='lat' dir='ltr'><strong>domesticus</strong></span> <span class='ocrx_word' id='word_1_259' title='bbox 616 2648 784 2728; x_wconf 85' lang='lat' dir='ltr'><strong>scholarum]</strong></span> <span class='ocrx_word' id='word_1_260' title='bbox 806 2647 917 2707; x_wconf 85' lang='lat' dir='ltr'><strong>scholae</strong></span> <span class='ocrx_word' id='word_1_261' title='bbox 937 2649 1051 2707; x_wconf 86' lang='lat' dir='ltr'><strong>fuerunt</strong></span> <span class='ocrx_word' id='word_1_262' title='bbox 1071 2647 1210 2726; x_wconf 79' lang='lat' dir='ltr'><strong>undecim,</strong></span> <span class='ocrx_word' id='word_1_263' title='bbox 1225 2645 1261 2706; x_wconf 87' lang='lat' dir='ltr'><strong>L.</strong></span> 
     </span>
     <span class='ocr_line' id='line_1_30' title="bbox 160 2733 1263 2814; baseline -0.005 -18"><span class='ocrx_word' id='word_1_264' title='bbox 160 2737 211 2796; x_wconf 87' lang='lat' dir='ltr'><strong>ult.</strong></span> <span class='ocrx_word' id='word_1_265' title='bbox 226 2737 286 2796; x_wconf 91' lang='lat' dir='ltr'><strong>cod.</strong></span> <span class='ocrx_word' id='word_1_266' title='bbox 302 2737 338 2794; x_wconf 93' lang='lat' dir='ltr'><strong>de</strong></span> <span class='ocrx_word' id='word_1_267' title='bbox 358 2737 409 2796; x_wconf 87' lang='lat' dir='ltr'><strong>loc.</strong></span> <span class='ocrx_word' id='word_1_268' title='bbox 432 2742 461 2793; x_wconf 91' lang='lat' dir='ltr'><strong>ct</strong></span> <span class='ocrx_word' id='word_1_269' title='bbox 482 2737 636 2814; x_wconf 85' lang='lat' dir='ltr'><strong>conducto,</strong></span> <span class='ocrx_word' id='word_1_270' title='bbox 656 2735 686 2794; x_wconf 93' lang='lat' dir='ltr'><strong>id</strong></span> <span class='ocrx_word' id='word_1_271' title='bbox 708 2740 752 2792; x_wconf 88' lang='lat' dir='ltr'><strong>est</strong></span> <span class='ocrx_word' id='word_1_272' title='bbox 773 2735 885 2792; x_wconf 86' lang='lat' dir='ltr'><strong>ordines</strong></span> <span class='ocrx_word' id='word_1_273' title='bbox 904 2734 1093 2812; x_wconf 83' lang='lat' dir='ltr'><strong>palatinorum</strong></span> <span class='ocrx_word' id='word_1_274' title='bbox 1110 2733 1263 2792; x_wconf 88' lang='lat' dir='ltr'><strong>officiorum</strong></span> 
     </span>
     <span class='ocr_line' id='line_1_31' title="bbox 162 2819 1262 2900; baseline -0.005 -19"><span class='ocrx_word' id='word_1_275' title='bbox 162 2825 199 2881; x_wconf 85' lang='lat' dir='ltr'><strong>ad</strong></span> <span class='ocrx_word' id='word_1_276' title='bbox 217 2823 389 2900; x_wconf 84' lang='lat' dir='ltr'><strong>capessenda</strong></span> <span class='ocrx_word' id='word_1_277' title='bbox 412 2820 587 2898; x_wconf 85' lang='lat' dir='ltr'><strong>imperatoris</strong></span> <span class='ocrx_word' id='word_1_278' title='bbox 607 2822 683 2878; x_wconf 87' lang='lat' dir='ltr'><strong>iussa</strong></span> <span class='ocrx_word' id='word_1_279' title='bbox 709 2820 873 2878; x_wconf 87' lang='lat' dir='ltr'><strong>vacantium.</strong></span> <span class='ocrx_word' id='word_1_280' title='bbox 902 2826 932 2878; x_wconf 88' lang='lat' dir='ltr'><strong>et</strong></span> <span class='ocrx_word' id='word_1_281' title='bbox 962 2820 1084 2878; x_wconf 90' lang='lat' dir='ltr'><strong>omnium</strong></span> <span class='ocrx_word' id='word_1_282' title='bbox 1104 2819 1262 2896; x_wconf 84' lang='lat' dir='ltr'><strong>praefectus</strong></span> 
     </span>
     <span class='ocr_line' id='line_1_32' title="bbox 162 2901 1264 2984; baseline -0.004 -20"><span class='ocrx_word' id='word_1_283' title='bbox 162 2909 316 2965; x_wconf 74' lang='lat' dir='ltr'><strong>doaetesttcus</strong></span> <span class='ocrx_word' id='word_1_284' title='bbox 330 2906 479 2964; x_wconf 80' lang='lat' dir='ltr'><strong>sciolorum</strong></span> <span class='ocrx_word' id='word_1_285' title='bbox 496 2907 526 2962; x_wconf 88' lang='lat' dir='ltr'><strong>in</strong></span> <span class='ocrx_word' id='word_1_286' title='bbox 538 2906 598 2963; x_wconf 85' lang='lat' dir='ltr'><strong>iure</strong></span> <span class='ocrx_word' id='word_1_287' title='bbox 612 2906 731 2982; x_wconf 77' lang='lat' dir='ltr'><strong>dicitur,</strong></span> <span class='ocrx_word' id='word_1_288' title='bbox 753 2910 785 2962; x_wconf 90' lang='lat' dir='ltr'><strong>ut</strong></span> <span class='ocrx_word' id='word_1_289' title='bbox 801 2911 831 2962; x_wconf 89' lang='lat' dir='ltr'><strong>et</strong></span> <span class='ocrx_word' id='word_1_290' title='bbox 845 2906 922 2984; x_wconf 86' lang='lat' dir='ltr'><strong>apud</strong></span> <span class='ocrx_word' id='word_1_291' title='bbox 942 2901 1083 2963; x_wconf 83' lang='lat' dir='ltr'><strong>Zonaram</strong></span> <span class='ocrx_word' id='word_1_292' title='bbox 1103 2905 1264 2962; x_wconf 87' lang='lat' dir='ltr'><strong>Cedrenum</strong></span> 
     </span>
     <span class='ocr_line' id='line_1_33' title="bbox 162 2981 1263 3068; baseline -0.002 -20"><span class='ocrx_word' id='word_1_293' title='bbox 162 2997 192 3048; x_wconf 89' lang='lat' dir='ltr'><strong>et</strong></span> <span class='ocrx_word' id='word_1_294' title='bbox 208 2990 284 3048; x_wconf 87' lang='lat' dir='ltr'><strong>alios.</strong></span> <span class='ocrx_word' id='word_1_295' title='bbox 306 2991 424 3050; x_wconf 90' lang='lat' dir='ltr'><strong>Wolfius</strong></span> <span class='ocrx_word' id='word_1_296' title='bbox 444 2990 535 3046; x_wconf 87' lang='lat' dir='ltr'><strong>minus</strong></span> <span class='ocrx_word' id='word_1_297' title='bbox 551 3009 615 3047; x_wconf 89' lang='lat' dir='ltr'><strong>vere</strong></span> <span class='ocrx_word' id='word_1_298' title='bbox 634 2991 719 3047; x_wconf 86' lang='lat' dir='ltr'><strong>vertit</strong></span> <span class='ocrx_word' id='word_1_299' title='bbox 733 2981 915 3048; x_wconf 82' lang='lat' dir='ltr'><strong>domesticum</strong></span> <span class='ocrx_word' id='word_1_300' title='bbox 932 2990 1089 3068; x_wconf 82' lang='lat' dir='ltr'><strong>legionum,</strong></span> <span class='ocrx_word' id='word_1_301' title='bbox 1109 2989 1139 3046; x_wconf 92' lang='lat' dir='ltr'><strong>in</strong></span> <span class='ocrx_word' id='word_1_302' title='bbox 1158 2989 1263 3046; x_wconf 77' lang='lat' dir='ltr'><strong>Basilio</strong></span> 
     </span>
     <span class='ocr_line' id='line_1_34' title="bbox 161 3072 1264 3151; baseline 0 -19"><span class='ocrx_word' id='word_1_303' title='bbox 161 3075 317 3133; x_wconf 82' lang='lat' dir='ltr'><strong>Macedone</strong></span> <span class='ocrx_word' id='word_1_304' title='bbox 342 3080 371 3132; x_wconf 89' lang='lat' dir='ltr'><strong>et</strong></span> <span class='ocrx_word' id='word_1_305' title='bbox 392 3073 522 3132; x_wconf 83' lang='lat' dir='ltr'><strong>Romano</strong></span> <span class='ocrx_word' id='word_1_306' title='bbox 538 3072 689 3151; x_wconf 83' lang='lat' dir='ltr'><strong>Lacapeno</strong></span> <span class='ocrx_word' id='word_1_307' title='bbox 711 3073 847 3133; x_wconf 79' lang='lat' dir='ltr'><strong>Zonaras.</strong></span> <span class='ocrx_word' id='word_1_308' title='bbox 884 3075 952 3134; x_wconf 83' lang='lat' dir='ltr'><strong>haec</strong></span> <span class='ocrx_word' id='word_1_309' title='bbox 972 3076 1077 3136; x_wconf 86' lang='lat' dir='ltr'><strong>lunius.</strong></span> <span class='ocrx_word' id='word_1_310' title='bbox 1105 3075 1142 3133; x_wconf 92' lang='lat' dir='ltr'><strong>de</strong></span> <span class='ocrx_word' id='word_1_311' title='bbox 1161 3074 1264 3133; x_wconf 87' lang='lat' dir='ltr'><strong>scholis</strong></span> 
     </span>
    </p>

    <p class='ocr_par' dir='ltr' id='par_1_9' title="bbox 79 3155 897 3222">
     <span class='ocr_line' id='line_1_35' title="bbox 79 3155 897 3222; baseline 0.001 -4"><span class='ocrx_word' id='word_1_312' title='bbox 79 3155 83 3162; x_wconf 79' lang='grc'><strong>’</strong></span> <span class='ocrx_word' id='word_1_313' title='bbox 164 3161 302 3218; x_wconf 88' lang='lat' dir='ltr'><strong>videndus</strong></span> <span class='ocrx_word' id='word_1_314' title='bbox 319 3159 449 3217; x_wconf 83' lang='lat' dir='ltr'><strong>Cuiacius</strong></span> <span class='ocrx_word' id='word_1_315' title='bbox 469 3159 505 3216; x_wconf 89' lang='lat' dir='ltr'><strong>ad</strong></span> <span class='ocrx_word' id='word_1_316' title='bbox 519 3157 543 3218; x_wconf 71' lang='lat' dir='ltr'><strong>l.</strong></span> <span class='ocrx_word' id='word_1_317' title='bbox 556 3163 593 3222; x_wconf 76' lang='lat'><strong>12</strong></span> <span class='ocrx_word' id='word_1_318' title='bbox 608 3160 710 3218; x_wconf 84' lang='lat' dir='ltr'><strong>codicis</strong></span> <span class='ocrx_word' id='word_1_319' title='bbox 726 3159 897 3220; x_wconf 88' lang='lat' dir='ltr'><strong>Iustinianei.</strong></span> 
     </span>
    </p>
   </div>
   <div class='ocr_carea' id='block_1_9' title="bbox 61 3284 1268 3538">
    <p class='ocr_par' dir='ltr' id='par_1_10' title="bbox 61 3284 1268 3538">
     <span class='ocr_line' id='line_1_36' title="bbox 250 3284 1267 3366; baseline -0.006 -16"><span class='ocrx_word' id='word_1_320' title='bbox 250 3308 278 3366; x_wconf 90' lang='lat' dir='ltr'><strong>p.</strong></span> <span class='ocrx_word' id='word_1_321' title='bbox 292 3287 333 3350; x_wconf 84' lang='lat'><strong>37</strong></span> <span class='ocrx_word' id='word_1_322' title='bbox 347 3305 373 3346; x_wconf 77' lang='grc' dir='ltr'><strong><em>κ.</em></strong></span> <span class='ocrx_word' id='word_1_323' title='bbox 388 3284 417 3350; x_wconf 80' lang='grc'><strong>4.</strong></span> <span class='ocrx_word' id='word_1_324' title='bbox 445 3285 580 3364; x_wconf 83' lang='lat' dir='ltr'><strong>Barangi]</strong></span> <span class='ocrx_word' id='word_1_325' title='bbox 603 3287 746 3346; x_wconf 85' lang='lat' dir='ltr'><strong>detortum</strong></span> <span class='ocrx_word' id='word_1_326' title='bbox 767 3306 801 3346; x_wconf 85' lang='lat' dir='ltr'><strong>ex</strong></span> <span class='ocrx_word' id='word_1_327' title='bbox 822 3286 926 3346; x_wconf 67' lang='lat' dir='ltr'><strong>latino</strong></span> <span class='ocrx_word' id='word_1_328' title='bbox 939 3286 1042 3362; x_wconf 83' lang='lat' dir='ltr'><strong>Angli,</strong></span> <span class='ocrx_word' id='word_1_329' title='bbox 1063 3286 1117 3344; x_wconf 86' lang='lat' dir='ltr'><strong>nisi</strong></span> <span class='ocrx_word' id='word_1_330' title='bbox 1136 3285 1216 3344; x_wconf 85' lang='lat' dir='ltr'><strong>malis</strong></span> <span class='ocrx_word' id='word_1_331' title='bbox 1232 3305 1267 3344; x_wconf 87' lang='lat' dir='ltr'><strong>ex</strong></span> 
     </span>
     <span class='ocr_line' id='line_1_37' title="bbox 165 3371 1268 3450; baseline 0.001 -21"><span class='ocrx_word' id='word_1_332' title='bbox 165 3371 275 3432; x_wconf 69' lang='grc' dir='ltr'><strong><em>Ελσκτλ.</em></strong></span> <span class='ocrx_word' id='word_1_333' title='bbox 297 3373 349 3432; x_wconf 86' lang='lat' dir='ltr'><strong>bos</strong></span> <span class='ocrx_word' id='word_1_334' title='bbox 367 3371 478 3430; x_wconf 82' lang='lat' dir='ltr'><strong>habitos</strong></span> <span class='ocrx_word' id='word_1_335' title='bbox 499 3391 562 3430; x_wconf 88' lang='lat' dir='ltr'><strong>esse</strong></span> <span class='ocrx_word' id='word_1_336' title='bbox 578 3391 632 3450; x_wconf 87' lang='lat' dir='ltr'><strong>pro</strong></span> <span class='ocrx_word' id='word_1_337' title='bbox 648 3391 768 3450; x_wconf 82' lang='lat' dir='ltr'><strong>magnae</strong></span> <span class='ocrx_word' id='word_1_338' title='bbox 780 3371 845 3432; x_wconf 85' lang='lat' dir='ltr'><strong>fidei</strong></span> <span class='ocrx_word' id='word_1_339' title='bbox 866 3372 1046 3450; x_wconf 83' lang='lat' dir='ltr'><strong>custodibus,</strong></span> <span class='ocrx_word' id='word_1_340' title='bbox 1066 3371 1111 3430; x_wconf 87' lang='lat' dir='ltr'><strong>vel</strong></span> <span class='ocrx_word' id='word_1_341' title='bbox 1129 3373 1195 3430; x_wconf 87' lang='lat' dir='ltr'><strong>inde</strong></span> <span class='ocrx_word' id='word_1_342' title='bbox 1218 3391 1268 3450; x_wconf 85' lang='lat' dir='ltr'><strong>ap-</strong></span> 
     </span>
     <span class='ocr_line' id='line_1_38' title="bbox 61 3457 1218 3538; baseline 0.002 -24"><span class='ocrx_word' id='word_1_343' title='bbox 61 3473 80 3523; x_wconf 80' lang='lat' dir='ltr'><strong>p</strong></span> <span class='ocrx_word' id='word_1_344' title='bbox 98 3473 151 3527; x_wconf 74' lang='lat'><strong>210</strong></span> <span class='ocrx_word' id='word_1_345' title='bbox 169 3465 250 3535; x_wconf 85' lang='lat' dir='ltr'><strong>paret</strong></span> <span class='ocrx_word' id='word_1_346' title='bbox 264 3460 342 3535; x_wconf 91' lang='lat' dir='ltr'><strong>quod</strong></span> <span class='ocrx_word' id='word_1_347' title='bbox 359 3459 397 3516; x_wconf 87' lang='lat' dir='ltr'><strong>ad</strong></span> <span class='ocrx_word' id='word_1_348' title='bbox 417 3458 492 3517; x_wconf 87' lang='lat' dir='ltr'><strong>fores</strong></span> <span class='ocrx_word' id='word_1_349' title='bbox 505 3458 593 3537; x_wconf 85' lang='lat' dir='ltr'><strong>ipsius</strong></span> <span class='ocrx_word' id='word_1_350' title='bbox 607 3458 778 3538; x_wconf 86' lang='lat' dir='ltr'><strong>imperatorii</strong></span> <span class='ocrx_word' id='word_1_351' title='bbox 795 3457 933 3518; x_wconf 87' lang='lat' dir='ltr'><strong>conclavis</strong></span> <span class='ocrx_word' id='word_1_352' title='bbox 948 3459 1079 3517; x_wconf 84' lang='lat' dir='ltr'><strong>excubias</strong></span> <span class='ocrx_word' id='word_1_353' title='bbox 1092 3463 1218 3535; x_wconf 83' lang='lat' dir='ltr'><strong>agerent</strong></span> 
     </span>
    </p>
   </div>
   <div class='ocr_carea' id='block_1_10' title="bbox 167 3593 1390 4015">
    <p class='ocr_par' dir='ltr' id='par_1_11' title="bbox 167 3593 1390 4015">
     <span class='ocr_line' id='line_1_39' title="bbox 172 3593 1269 3668; baseline -0.001 -19"><span class='ocrx_word' id='word_1_354' title='bbox 172 3607 179 3624; x_wconf 61' lang='lat'>⁴</span> <span class='ocrx_word' id='word_1_355' title='bbox 235 3593 389 3667; x_wconf 75' lang='grc' dir='ltr'><strong><em>Βῶραρηοι]</em></strong></span> <span class='ocrx_word' id='word_1_356' title='bbox 413 3597 575 3668; x_wconf 82' lang='lat' dir='ltr'><strong>imperatoris</strong></span> <span class='ocrx_word' id='word_1_357' title='bbox 603 3597 729 3652; x_wconf 83' lang='lat' dir='ltr'><strong>satellites</strong></span> <span class='ocrx_word' id='word_1_358' title='bbox 757 3603 784 3653; x_wconf 90' lang='lat' dir='ltr'><strong>et</strong></span> <span class='ocrx_word' id='word_1_359' title='bbox 807 3597 867 3651; x_wconf 84' lang='lat' dir='ltr'><strong>belli</strong></span> <span class='ocrx_word' id='word_1_360' title='bbox 892 3597 957 3652; x_wconf 89' lang='lat' dir='ltr'><strong>socii</strong></span> <span class='ocrx_word' id='word_1_361' title='bbox 984 3615 1016 3652; x_wconf 79' lang='lat' dir='ltr'><strong>ex</strong></span> <span class='ocrx_word' id='word_1_362' title='bbox 1043 3598 1134 3666; x_wconf 65' lang='lat' dir='ltr'><strong>anglia</strong></span> <span class='ocrx_word' id='word_1_363' title='bbox 1156 3597 1182 3650; x_wconf 92' lang='lat' dir='ltr'><strong>in</strong></span> <span class='ocrx_word' id='word_1_364' title='bbox 1205 3595 1269 3649; x_wconf 88' lang='lat' dir='ltr'><strong>Ori-</strong></span> 
     </span>
     <span class='ocr_line' id='line_1_40' title="bbox 167 3661 1271 3738; baseline -0.001 -18"><span class='ocrx_word' id='word_1_365' title='bbox 167 3671 227 3720; x_wconf 86' lang='lat' dir='ltr'><strong>ente</strong></span> <span class='ocrx_word' id='word_1_366' title='bbox 251 3667 395 3720; x_wconf 73' lang='lat' dir='ltr'><strong>militantes.</strong></span> <span class='ocrx_word' id='word_1_367' title='bbox 428 3674 519 3720; x_wconf 83' lang='lat' dir='ltr'><strong>auctor</strong></span> <span class='ocrx_word' id='word_1_368' title='bbox 552 3661 707 3736; x_wconf 79' lang='grc' dir='ltr'><strong><em>Ἰημλινιοτί</em></strong></span> <span class='ocrx_word' id='word_1_369' title='bbox 734 3669 843 3738; x_wconf 76' lang='lat' dir='ltr'><strong>Angites</strong></span> <span class='ocrx_word' id='word_1_370' title='bbox 871 3667 1005 3736; x_wconf 88' lang='lat' dir='ltr'><strong>loquentes</strong></span> <span class='ocrx_word' id='word_1_371' title='bbox 1028 3666 1168 3720; x_wconf 85' lang='lat' dir='ltr'><strong>introducit</strong></span> <span class='ocrx_word' id='word_1_372' title='bbox 1192 3684 1216 3719; x_wconf 89' lang='lat' dir='ltr'><strong>c.</strong></span> <span class='ocrx_word' id='word_1_373' title='bbox 1242 3667 1271 3721; x_wconf 86' lang='grc'><strong>7.</strong></span> 
     </span>
     <span class='ocr_line' id='line_1_41' title="bbox 168 3735 1273 3805; baseline 0.004 -17"><span class='ocrx_word' id='word_1_374' title='bbox 168 3735 303 3788; x_wconf 85' lang='lat' dir='ltr'><strong>Britannos</strong></span> <span class='ocrx_word' id='word_1_375' title='bbox 329 3736 383 3788; x_wconf 84' lang='lat' dir='ltr'><strong>sive</strong></span> <span class='ocrx_word' id='word_1_376' title='bbox 406 3736 505 3803; x_wconf 76' lang='lat' dir='ltr'><strong>Anglos</strong></span> <span class='ocrx_word' id='word_1_377' title='bbox 530 3736 680 3805; x_wconf 88' lang='lat' dir='ltr'><strong>bipennibus</strong></span> <span class='ocrx_word' id='word_1_378' title='bbox 705 3747 815 3790; x_wconf 79' lang='grc' dir='ltr'><strong><em>οτιοοοοε</em></strong></span> <span class='ocrx_word' id='word_1_379' title='bbox 831 3737 923 3790; x_wconf 83' lang='lat' dir='ltr'><strong>asserit</strong></span> <span class='ocrx_word' id='word_1_380' title='bbox 940 3737 1073 3790; x_wconf 69' lang='lat' dir='ltr'><strong>munterte</strong></span> <span class='ocrx_word' id='word_1_381' title='bbox 1090 3738 1198 3790; x_wconf 80' lang='lat' dir='ltr'><strong>Nicetes</strong></span> <span class='ocrx_word' id='word_1_382' title='bbox 1215 3735 1235 3788; x_wconf 88' lang='grc' dir='ltr'><strong>Ι.</strong></span> <span class='ocrx_word' id='word_1_383' title='bbox 1253 3737 1273 3792; x_wconf 80' lang='lat'>2</span> 
     </span>
     <span class='ocr_line' id='line_1_42' title="bbox 167 3800 1390 3876; baseline -0.001 -19"><span class='ocrx_word' id='word_1_384' title='bbox 167 3805 258 3858; x_wconf 86' lang='lat' dir='ltr'><strong>lsancii</strong></span> <span class='ocrx_word' id='word_1_385' title='bbox 275 3805 368 3872; x_wconf 77' lang='lat' dir='ltr'><strong>Angeli</strong></span> <span class='ocrx_word' id='word_1_386' title='bbox 385 3821 474 3858; x_wconf 82' lang='lat' dir='ltr'><strong>versus</strong></span> <span class='ocrx_word' id='word_1_387' title='bbox 492 3805 585 3858; x_wconf 75' lang='lat' dir='ltr'><strong>linerat</strong></span> <span class='ocrx_word' id='word_1_388' title='bbox 611 3801 701 3860; x_wconf 82' lang='grc' dir='ltr'><strong><em>ὁτῶν</em></strong></span> <span class='ocrx_word' id='word_1_389' title='bbox 718 3801 916 3873; x_wconf 82' lang='grc' dir='ltr'><strong><em>πελεκοφόραν</em></strong></span> <span class='ocrx_word' id='word_1_390' title='bbox 932 3801 1081 3876; x_wconf 75' lang='grc' dir='ltr'><strong><em>κατάρχων</em></strong></span> <span class='ocrx_word' id='word_1_391' title='bbox 1098 3805 1275 3872; x_wconf 75' lang='grc' dir='ltr'><strong><em>Βρεττανῶν,</em></strong></span> <span class='ocrx_word' id='word_1_392' title='bbox 1386 3800 1390 3843; x_wconf 70' lang='grc' dir='ltr'><strong><em>ἰ</em></strong></span> 
     </span>
     <span class='ocr_line' id='line_1_43' title="bbox 168 3867 1273 3945; baseline 0 -19"><span class='ocrx_word' id='word_1_393' title='bbox 168 3868 217 3936; x_wconf 72' lang='grc' dir='ltr'><strong>οὓς</strong></span> <span class='ocrx_word' id='word_1_394' title='bbox 235 3874 288 3926; x_wconf 83' lang='grc' dir='ltr'><strong>νῦν</strong></span> <span class='ocrx_word' id='word_1_395' title='bbox 305 3871 373 3942; x_wconf 78' lang='lat' dir='ltr'><strong>peel</strong></span> <span class='ocrx_word' id='word_1_396' title='bbox 388 3867 543 3941; x_wconf 78' lang='grc' dir='ltr'><strong><em>Ἰμρλίνους.</em></strong></span> <span class='ocrx_word' id='word_1_397' title='bbox 579 3891 655 3945; x_wconf 88' lang='lat' dir='ltr'><strong>porro</strong></span> <span class='ocrx_word' id='word_1_398' title='bbox 673 3876 738 3929; x_wconf 85' lang='lat' dir='ltr'><strong>idem</strong></span> <span class='ocrx_word' id='word_1_399' title='bbox 757 3883 797 3928; x_wconf 90' lang='lat' dir='ltr'><strong>est</strong></span> <span class='ocrx_word' id='word_1_400' title='bbox 814 3871 960 3944; x_wconf 77' lang='grc' dir='ltr'><strong><em>Βῶραημον</em></strong></span> <span class='ocrx_word' id='word_1_401' title='bbox 977 3892 1008 3928; x_wconf 85' lang='lat' dir='ltr'><strong>ac</strong></span> <span class='ocrx_word' id='word_1_402' title='bbox 1023 3871 1214 3942; x_wconf 81' lang='grc' dir='ltr'><strong><em>πελεκοφόρον</em></strong></span> <span class='ocrx_word' id='word_1_403' title='bbox 1230 3873 1273 3926; x_wconf 87' lang='lat' dir='ltr'><strong>le-</strong></span> 
     </span>
     <span class='ocr_line' id='line_1_44' title="bbox 168 3941 1276 4015; baseline 0.001 -20"><span class='ocrx_word' id='word_1_404' title='bbox 168 3955 245 4012; x_wconf 74' lang='lat' dir='ltr'><strong>gere,</strong></span> <span class='ocrx_word' id='word_1_405' title='bbox 272 3961 326 3997; x_wconf 88' lang='lat' dir='ltr'><strong>cum</strong></span> <span class='ocrx_word' id='word_1_406' title='bbox 352 3941 484 4009; x_wconf 83' lang='lat' dir='ltr'><strong>Barangos</strong></span> <span class='ocrx_word' id='word_1_407' title='bbox 504 3960 553 3996; x_wconf 89' lang='lat' dir='ltr'><strong>non</strong></span> <span class='ocrx_word' id='word_1_408' title='bbox 570 3944 746 4014; x_wconf 83' lang='lat' dir='ltr'><strong>infrequenter</strong></span> <span class='ocrx_word' id='word_1_409' title='bbox 763 3943 914 4015; x_wconf 86' lang='lat' dir='ltr'><strong>bipennibus</strong></span> <span class='ocrx_word' id='word_1_410' title='bbox 935 3944 1075 3998; x_wconf 88' lang='lat' dir='ltr'><strong>instructos</strong></span> <span class='ocrx_word' id='word_1_411' title='bbox 1092 3945 1207 3997; x_wconf 78' lang='lat' dir='ltr'><strong>referant</strong></span> <span class='ocrx_word' id='word_1_412' title='bbox 1224 3959 1276 3996; x_wconf 86' lang='lat' dir='ltr'><strong>cn-</strong></span> 
     </span>
    </p>
   </div>
   <div class='ocr_carea' id='block_1_11' title="bbox 168 4011 1391 4364">
    <p class='ocr_par' dir='ltr' id='par_1_12' title="bbox 168 4011 1391 4364">
     <span class='ocr_line' id='line_1_45' title="bbox 168 4011 1275 4094; baseline 0 -30"><span class='ocrx_word' id='word_1_413' title='bbox 168 4020 252 4066; x_wconf 89' lang='lat' dir='ltr'><strong>ctores</strong></span> <span class='ocrx_word' id='word_1_414' title='bbox 275 4011 336 4064; x_wconf 88' lang='lat' dir='ltr'><strong>alibi</strong></span> <span class='ocrx_word' id='word_1_415' title='bbox 358 4011 525 4094; x_wconf 87' lang='lat' dir='ltr'><strong>producendi.</strong></span> <span class='ocrx_word' id='word_1_416' title='bbox 568 4014 653 4066; x_wconf 83' lang='lat' dir='ltr'><strong>Thule</strong></span> <span class='ocrx_word' id='word_1_417' title='bbox 679 4014 813 4080; x_wconf 82' lang='lat' dir='ltr'><strong>oriundos,</strong></span> <span class='ocrx_word' id='word_1_418' title='bbox 838 4013 860 4066; x_wconf 87' lang='lat' dir='ltr'><strong>si</strong></span> <span class='ocrx_word' id='word_1_419' title='bbox 884 4021 968 4066; x_wconf 86' lang='lat' dir='ltr'><strong>tamen</strong></span> <span class='ocrx_word' id='word_1_420' title='bbox 994 4021 1034 4066; x_wconf 91' lang='lat' dir='ltr'><strong>est</strong></span> <span class='ocrx_word' id='word_1_421' title='bbox 1057 4013 1135 4066; x_wconf 87' lang='lat' dir='ltr'><strong>lectio</strong></span> <span class='ocrx_word' id='word_1_422' title='bbox 1161 4013 1275 4077; x_wconf 84' lang='lat' dir='ltr'><strong>sincera,</strong></span> 
     </span>
     <span class='ocr_line' id='line_1_46' title="bbox 168 4075 1391 4152; baseline -0.002 -16"><span class='ocrx_word' id='word_1_423' title='bbox 168 4084 299 4136; x_wconf 79' lang='lat' dir='ltr'><strong>eomuene</strong></span> <span class='ocrx_word' id='word_1_424' title='bbox 316 4081 405 4134; x_wconf 79' lang='lat' dir='ltr'><strong>scubit</strong></span> <span class='ocrx_word' id='word_1_425' title='bbox 420 4081 438 4132; x_wconf 89' lang='grc' dir='ltr'><strong>Ι.</strong></span> <span class='ocrx_word' id='word_1_426' title='bbox 456 4084 488 4134; x_wconf 78' lang='lat'><strong>2:</strong></span> <span class='ocrx_word' id='word_1_427' title='bbox 513 4075 545 4133; x_wconf 75' lang='grc' dir='ltr'><strong><em>ἐκ</em></strong></span> <span class='ocrx_word' id='word_1_428' title='bbox 561 4083 611 4150; x_wconf 77' lang='grc' dir='ltr'><strong><em>της</em></strong></span> <span class='ocrx_word' id='word_1_429' title='bbox 630 4079 738 4150; x_wconf 81' lang='grc' dir='ltr'><strong><em>Θοῶλης</em></strong></span> <span class='ocrx_word' id='word_1_430' title='bbox 755 4078 927 4152; x_wconf 80' lang='grc' dir='ltr'><strong><em>Βαρολρμους.</em></strong></span> <span class='ocrx_word' id='word_1_431' title='bbox 962 4084 1108 4135; x_wconf 85' lang='lat' dir='ltr'><strong>Germanos</strong></span> <span class='ocrx_word' id='word_1_432' title='bbox 1126 4088 1211 4134; x_wconf 86' lang='lat' dir='ltr'><strong>tameo</strong></span> <span class='ocrx_word' id='word_1_433' title='bbox 1228 4097 1276 4134; x_wconf 81' lang='lat' dir='ltr'><strong>aa·</strong></span> <span class='ocrx_word' id='word_1_434' title='bbox 1390 4111 1391 4126; x_wconf 53' lang='grc' dir='ltr'><strong><em>ι</em></strong></span> 
     </span>
     <span class='ocr_line' id='line_1_47' title="bbox 168 4147 1277 4236; baseline 0 -34"><span class='ocrx_word' id='word_1_435' title='bbox 168 4151 232 4203; x_wconf 90' lang='lat' dir='ltr'><strong>serit</strong></span> <span class='ocrx_word' id='word_1_436' title='bbox 248 4151 356 4204; x_wconf 84' lang='lat' dir='ltr'><strong>Nicetes</strong></span> <span class='ocrx_word' id='word_1_437' title='bbox 373 4150 401 4200; x_wconf 90' lang='lat' dir='ltr'><strong>in</strong></span> <span class='ocrx_word' id='word_1_438' title='bbox 418 4149 506 4202; x_wconf 79' lang='lat' dir='ltr'><strong>Alexio</strong></span> <span class='ocrx_word' id='word_1_439' title='bbox 524 4151 558 4202; x_wconf 65' lang='lat' dir='ltr'><strong>aa</strong></span> <span class='ocrx_word' id='word_1_440' title='bbox 584 4148 657 4205; x_wconf 74' lang='grc' dir='ltr'><strong><em>κατὰ</em></strong></span> <span class='ocrx_word' id='word_1_441' title='bbox 679 4149 715 4205; x_wconf 86' lang='grc' dir='ltr'><strong><em>τοὶ</em></strong></span> <span class='ocrx_word' id='word_1_442' title='bbox 737 4149 883 4214; x_wconf 79' lang='grc' dir='ltr'><strong><em>οἷνολκτορα</em></strong></span> <span class='ocrx_word' id='word_1_443' title='bbox 902 4147 1072 4220; x_wconf 73' lang='grc' dir='ltr'><strong><em>συλληφθεὶς</em></strong></span> <span class='ocrx_word' id='word_1_444' title='bbox 1090 4149 1138 4205; x_wconf 85' lang='grc' dir='ltr'><strong>καλ</strong></span> <span class='ocrx_word' id='word_1_445' title='bbox 1155 4150 1277 4236; x_wconf 55' lang='grc' dir='ltr'><strong><em>φρουρᾷ</em></strong></span> 
     </span>
     <span class='ocr_line' id='line_1_48' title="bbox 168 4215 1276 4288; baseline 0.004 -19"><span class='ocrx_word' id='word_1_446' title='bbox 168 4216 338 4287; x_wconf 73' lang='grc' dir='ltr'><strong><em>διαληφθεὶς</em></strong></span> <span class='ocrx_word' id='word_1_447' title='bbox 355 4218 519 4286; x_wconf 75' lang='grc' dir='ltr'><strong><em>Γερμανῶν,</em></strong></span> <span class='ocrx_word' id='word_1_448' title='bbox 539 4216 571 4273; x_wconf 81' lang='grc' dir='ltr'><strong>οἳ</strong></span> <span class='ocrx_word' id='word_1_449' title='bbox 588 4216 755 4288; x_wconf 73' lang='grc' dir='ltr'><strong><em>’κατωμαδὸν</em></strong></span> <span class='ocrx_word' id='word_1_450' title='bbox 771 4216 836 4283; x_wconf 78' lang='grc' dir='ltr'><strong>τούς</strong></span> <span class='ocrx_word' id='word_1_451' title='bbox 850 4215 1046 4288; x_wconf 80' lang='grc' dir='ltr'><strong><em>ἕτεροστόμους</em></strong></span> <span class='ocrx_word' id='word_1_452' title='bbox 1062 4216 1184 4281; x_wconf 80' lang='grc' dir='ltr'><strong><em>πελέκεις</em></strong></span> <span class='ocrx_word' id='word_1_453' title='bbox 1203 4215 1276 4274; x_wconf 77' lang='lat' dir='ltr'><strong>cive·</strong></span> 
     </span>
     <span class='ocr_line' id='line_1_49' title="bbox 169 4281 1391 4364; baseline 0.006 -28"><span class='ocrx_word' id='word_1_454' title='bbox 169 4301 280 4355; x_wconf 83' lang='grc' dir='ltr'><strong><em>χουσιν,</em></strong></span> <span class='ocrx_word' id='word_1_455' title='bbox 297 4282 432 4356; x_wconf 79' lang='grc' dir='ltr'><strong><em>σλπρόϊτος</em></strong></span> <span class='ocrx_word' id='word_1_456' title='bbox 449 4281 550 4357; x_wconf 80' lang='grc' dir='ltr'><strong><em>ἔμενεν.</em></strong></span> <span class='ocrx_word' id='word_1_457' title='bbox 586 4291 736 4348; x_wconf 78' lang='grc' dir='ltr'><strong><em>σελωὶεοιιω</em></strong></span> <span class='ocrx_word' id='word_1_458' title='bbox 754 4292 797 4345; x_wconf 87' lang='lat' dir='ltr'><strong>bic</strong></span> <span class='ocrx_word' id='word_1_459' title='bbox 814 4291 933 4364; x_wconf 87' lang='lat' dir='ltr'><strong>apposuit</strong></span> <span class='ocrx_word' id='word_1_460' title='bbox 949 4288 1074 4358; x_wconf 68' lang='lat' dir='ltr'><strong>Wolfio,</strong></span> <span class='ocrx_word' id='word_1_461' title='bbox 1097 4289 1165 4359; x_wconf 87' lang='lat' dir='ltr'><strong>qnod</strong></span> <span class='ocrx_word' id='word_1_462' title='bbox 1182 4289 1274 4344; x_wconf 81' lang='lat' dir='ltr'><strong>forsan</strong></span> <span class='ocrx_word' id='word_1_463' title='bbox 1387 4299 1391 4343; x_wconf 82' lang='lat' dir='ltr'><strong>l</strong></span> 
     </span>
    </p>
   </div>
   <div class='ocr_carea' id='block_1_12' title="bbox 0 0 1432 4690">
    <p class='ocr_par' dir='ltr' id='par_1_13' title="bbox 0 0 1432 4690">
     <span class='ocr_line' id='line_1_50' title="bbox 0 0 1432 4690; baseline 0 0"><span class='ocrx_word' id='word_1_464' title='bbox 0 0 1432 4690; x_wconf 95' lang='lat' dir='ltr'><strong> </strong></span> 
     </span>
    </p>
   </div>
  </div>
 </body>
</html>
