2802 4686
168 289 241 362 126
323 285 531 376 cucusum
545 283 599 352 ur
614 282 1093 356 coemoomuuuromus

164 454 183 514 Ι.
198 449 218 518 4
231 452 312 532 epist
323 449 365 518 34
375 451 501 512 mminat
513 469 544 512 se
556 453 721 514 sacellarium
732 449 896 514 &manum
908 454 1006 532 putaui
1014 451 1156 534 interdum,
1170 451 1262 530 inquit
1299 469 1301 474 ·

164 539 301 600 Buronius
320 537 401 618 (tom
423 545 443 606 8
465 557 540 596 anna
563 539 669 598 Chr'uti
689 538 751 602 595
769 557 843 600 nunu
868 536 921 616 17)
931 534 967 598 cis
985 543 1061 598 tectu
1077 537 1205 614 Gregorii
1210 557 1262 617 pra

164 625 334 684 sacellarium
354 622 410 700 legi
423 625 511 682 dehac
527 624 722 697 saccellarium,
743 627 820 701 quasi
838 644 857 684 a
876 623 996 684 saccellis
1012 629 1144 702 sumptura
1163 641 1261 697 aaran,

165 709 313 788 quadratis
327 711 382 786 ipsc
392 707 537 786 Gregorius
549 709 638 780 docet,
651 705 714 766 duas
726 707 839 768 ostendit
847 708 1015 768 sacellarium
1018 707 1107 786 jisisa
1119 709 1262 768 thesaura-

166 797 234 852 siuas
247 794 517 872 pecuraacprsllc‘cae,
532 796 609 851 cuius
622 794 661 849 rei
678 795 771 867 gratia
790 795 903 874 oportuit
916 796 969 872 ipsi
984 795 1097 853 meditor
1110 813 1164 852 esse
1177 810 1262 872 pecu·

165 882 271 938 uiarum
289 877 423 951 sacculos,
442 877 472 936 ol
485 877 563 956 idque
577 875 745 938 sacellarium
765 877 864 937 dictum
887 897 948 939 csse.
989 879 1051 938 taio
1070 897 1141 938 sacac
1159 884 1263 936 scatea-

166 967 222 1024 tiae
232 961 401 1038 suffragatur
411 963 477 1022 idern
489 963 633 1038 Gregorius
642 964 672 1021 ia
685 963 796 1042 epistola
810 961 849 1022 ad
866 961 1031 1022 Honoratum
1045 963 1200 1038 diacouem,
1216 964 1264 1022 uhi

85 1059 90 1068 ¹
168 1065 250 1124 ageas
261 1047 574 1108 desolatioaccoasuetaa
583 1051 710 1125 pecmsshc
723 1067 773 1126 pro
790 1047 923 1123 agatae
938 1049 1073 1107 casadarl
1091 1047 1263 1125 adipiscenda
1328 1036 1330 1044 ¹
1381 1066 1384 1121 3

169 1137 210 1194 ait
220 1130 323 1208 “magis
334 1151 367 1192 ec
377 1154 404 1192 se
413 1137 482 1209 agat
492 1133 597 1192 dilectio
610 1137 671 1199 tua,
684 1137 811 1210 quatenus
820 1132 916 1192 cotom
925 1135 955 1192 ia
973 1133 1086 1194 raccolta
1100 1131 1265 1192 amsuetadi-

169 1218 245 1278 aibar
268 1218 374 1277 honoros
389 1223 518 1278 matur
537 1209 678 1294 accipere?
711 1217 759 1276 alsi
768 1236 817 1296 prs
840 1217 954 1276 maceda
976 1223 1074 1276 coslam
1091 1223 1130 1276 est
1146 1215 1266 1292 intelligi

167 1303 297 1384 principis
312 1305 495 1381 pecuniariam
508 1321 632 1380 capsam,
648 1308 674 1362 ct
682 1302 793 1381 proinde
800 1320 848 1380 prr
868 1303 1049 1361 saccellarium
1061 1303 1263 1360 thesaurarium.

63 1403 85 1456 Ρ
105 1399 157 1456 159
171 1393 200 1448 ia
212 1407 288 1467 quam
299 1392 450 1446 sententious
464 1393 489 1446 et
502 1387 621 1446 Isidorus
633 1379 746 1465 “fiscus'’
758 1389 846 1464 iuquit
862 1385 917 1444 “est
927 1407 1020 1446 saccas
1031 1378 1179 1463 puhlicus.”
1213 1383 1265 1444 sed

170 1473 209 1532 nil
226 1489 298 1550 opus
318 1472 374 1532 ulla
394 1472 562 1543 mutatione;
583 1489 648 1530 nam
663 1476 694 1530 et
715 1472 870 1533 sacellarius
883 1478 928 1530 est
941 1471 1112 1532 saccellarius
1123 1494 1142 1530 a
1159 1471 1265 1542 sacello,

169 1558 287 1635 simplici
305 1575 334 1634 c,
351 1557 395 1616 vel
412 1556 556 1626 caucella,
575 1573 657 1633 quam
673 1557 754 1614 nobis
772 1555 855 1635 passio
870 1563 937 1616 anta
953 1558 1093 1634 corippus
1109 1555 1267 1634 descripsit,

171 1644 237 1722 quia
256 1641 350 1702 Latini
369 1642 491 1700 Graecos
511 1641 610 1700 imitati
634 1641 784 1720 aliquando
805 1641 922 1702 alterum
944 1663 958 1702 c
978 1653 1151 1719 expungunt.
1191 1641 1266 1700 idem

170 1748 239 1806 ergo
254 1733 298 1786 est
310 1725 479 1787 saccellarius
496 1733 525 1785 et
548 1725 711 1786 sacellarius.
753 1734 925 1808 quapropter
941 1727 1060 1806 probare
1078 1746 1136 1786 non
1151 1743 1266 1808 pomum

138 1809 142 1816 ’
169 1813 295 1874 eiusdem
312 1813 406 1890 magui
425 1812 478 1871 riri
498 1811 660 1889 discrimen,
685 1813 762 1889 quod
779 1813 880 1870 stalrsit
900 1813 974 1871 huna
991 1813 1020 1869 in
1039 1814 1168 1872 modium:
1189 1812 1266 1889 apud

169 1897 304 1974 Latinos,
331 1899 356 1957 si
383 1897 552 1958 saccellarius
572 1897 702 1954 scribitur
721 1917 739 1955 a
762 1897 900 1974 saccellis,
928 1898 1114 1956 thesaurarius
1136 1897 1267 1956 ecclesiae

138 2017 141 2022 ·
169 1983 348 2060 intelligitur;
369 1983 394 2040 si
408 2001 474 2042 vero
488 2000 541 2060 per
566 1981 682 2061 simplex
700 2002 730 2058 c,
752 1981 906 2042 sacellarius
928 1983 1078 2059 asacello,
1102 1983 1150 2059 qui
1163 1982 1267 2042 scilicet

169 2068 268 2128 sacella
286 2066 455 2148 (cappellae)
479 2073 606 2147 praeest,
626 2061 805 2145 significatur.
846 2086 926 2126 secus
941 2087 973 2125 se
992 2085 1037 2125 res
1055 2067 1155 2144 habet,
1178 2073 1211 2125 ut
1232 2085 1268 2125 ex

169 2153 251 2212 dictis
266 2154 380 2231 planum
391 2154 562 2231 relinquitur.
584 2153 648 2212 vide
659 2153 744 2212 etiam
760 2152 902 2232 Cuiacium
918 2153 1064 2212 observat
1083 2157 1123 2215 10
1143 2155 1203 2229 27,
1219 2150 1268 2210 ubi

169 2240 209 2298 de
223 2239 369 2297 saecularia
384 2239 561 2297 aeacusloet
575 2238 731 2298 saccellario
747 2237 880 2300 asaaello
902 2237 991 2300 multa
1009 2237 1119 2318 scribit,
1139 2237 1193 2320 etsi
1211 2236 1267 2294 alio

171 2321 328 2403 suaficata
341 2325 439 2386 horum
452 2323 603 2386 nummum.

502 2781 950 2860 CAPUTIV.

263 3029 291 3088 p.
303 3005 323 3074 4
333 3027 359 3069 v.
370 3014 398 3075 ὃ.
421 2961 687 3092 chartophylacem
699 3009 773 3072 male
784 3018 887 3074 vocam
897 3007 1081 3072 Leanclarius
1092 3014 1121 3069 et
1133 3007 1178 3068 alii
1192 3007 1273 3068 char-

177 3095 322 3156 tularium:
343 3113 408 3155 nam
423 3097 604 3158 chartularius
618 3098 731 3157 alterins
746 3099 828 3158 officii
838 3105 869 3156 et
878 3099 1014 3158 inferioris
1028 3114 1129 3156 nomen
1141 3100 1195 3170 est,
1205 3112 1274 3152 con-

176 3182 337 3256 tineturque
347 3181 376 3239 in
386 3200 461 3242 nona
471 3185 593 3261 pentade
604 3179 757 3242 officiorum
767 3183 1027 3266 ecclesiasticorum:
1043 3189 1074 3240 at
1081 3179 1274 3258 chartophylax

174 3267 328 3346 principem
338 3266 428 3328 locum
437 3276 525 3346 tenet,
539 3271 643 3348 quippe
655 3275 771 3346 quartus
786 3270 860 3328 inter
876 3267 1090 3329 exoratacoelos.
1110 3265 1206 3323 lunius
1216 3261 1274 3322 La-

175 3353 236 3412 tine
243 3352 408 3432 praefectura·
421 3355 522 3414 elada
534 3357 669 3432 nominat,
682 3355 775 3413 nescio
792 3373 877 3430 quam
891 3355 999 3414 idonee.
1027 3371 1080 3430 ego
1097 3349 1215 3408 libenter
1223 3366 1275 3406 vo-

174 3455 236 3498 cem
256 3436 364 3495 retineo
390 3439 533 3499 Graecam.
575 3441 649 3498 unde
673 3438 855 3518 componatur
875 3446 905 3498 et
926 3439 1081 3515 derivetur,
1101 3434 1189 3510 liquet
1209 3433 1275 3492 abs-

175 3541 233 3599 que
252 3541 314 3580 meo
328 3521 481 3584 admonitu.
524 3523 587 3605 plus
600 3531 694 3584 mucan
708 3525 848 3601 significat
863 3541 947 3601 quam
959 3526 1023 3604 ipsa
1034 3519 1168 3580 vocabula
1180 3520 1276 3576 fronte

175 3608 268 3686 prima
290 3625 357 3685 prae
381 3627 413 3667 se
432 3612 532 3670 ferant
575 3603 709 3688 quocirca.
723 3609 873 3669 Balsamon
893 3611 923 3670 in
943 3629 996 3669 sua
1014 3604 1217 3685 disceptatione
1238 3603 1276 3660 de

176 3690 391 3770 chartophylace
414 3696 520 3754 refutat
538 3694 600 3754 illos
627 3696 677 3771 qui
691 3695 791 3754 volunt
810 3694 1052 3773 chartophylacem
1068 3688 1246 3772 παρωνυμίζ
1258 3719 1276 3731 -

178 3783 255 3842 σθαι
274 3777 307 3838 ἐκ
321 3782 377 3840 rori
393 3775 552 3854 pulcinico
576 3773 748 3860 μεμβράνας
763 3779 814 3841 real
829 3782 970 3855 uallata,
982 3777 1119 3855 'quamvis
1134 3775 1158 3833 si
1173 3789 1277 3831 nomen

176 3861 302 3943 praecise
317 3863 492 3923 considerare
508 3865 639 3942 velimus,
668 3865 737 3923 haec
761 3866 869 3924 notatio
888 3885 907 3924 a
929 3866 1047 3924 veritate
1068 3881 1126 3919 non
1145 3858 1277 3916 recedat:

177 3949 231 4008 sed
253 3947 283 4006 in
308 3948 486 4027 impositione
507 3950 650 4007 nominum
670 3957 786 4008 monent
804 3952 946 4029 sapientes
967 3967 1025 4007 non
1047 3953 1106 4004 tam
1126 3943 1279 4001 videndum

180 4049 244 4092 esse
259 4053 278 4091 a
294 4039 344 4110 qai
358 4051 443 4108 quam
454 4033 492 4093 ad
505 4034 569 4111 quid
587 4051 690 4092 nomen
711 4036 878 4114 imonatur.
921 4054 956 4094 ea
970 4036 1006 4092 de
1020 4048 1105 4092 causa
1116 4030 1181 4088 licet
1195 4047 1212 4086 a
1228 4046 1279 4084 eu-

180 4117 276 4177 stadia
292 4119 401 4175 chartae
414 4136 516 4177 nomen
529 4119 659 4195 cnseat,
674 4119 758 4198 longe
774 4126 867 4180 tamen
888 4120 970 4198 plura
987 4120 1025 4178 ad
1047 4117 1106 4175 eius
1130 4131 1224 4174 curam
1247 4117 1280 4168 et

182 4201 450 4262 administrationem
468 4202 661 4282 pertinebant:
691 4206 753 4284 ipse
770 4207 845 4264 enim
868 4223 921 4266 sua
940 4205 971 4263 in
992 4205 1135 4282 potestate
1155 4195 1281 4258 habehat
1338 4263 1345 4276 ⁸

183 4283 407 4366 ὗκκλησιαστικᾶ
425 4291 541 4372 χαρτῴα
560 4283 761 4370 δικαιώματα,
783 4291 876 4351 literas
898 4295 929 4351 ia
946 4290 1041 4367 partus
1060 4290 1125 4346 iura
1146 4289 1173 4344 el
1185 4283 1281 4363 ¹priui-
