2798 4690
476 281 523 350 m
540 273 690 351 comm
716 281 800 350 err.
830 281 907 352 vrr.
986 224 990 240 ’
1176 281 1252 354 aas

152 446 248 514 mirum
272 467 349 530 porro
367 445 454 528 firnit
473 466 522 508 cur
538 451 589 524 iate
603 451 649 508 oir
667 453 695 508 et
710 449 823 526 lingone
842 447 1025 510 diversitatem
1045 454 1072 508 et
1087 451 1191 508 audura
1211 451 1254 507 ia·

153 537 331 597 dementatum
347 553 430 610 genus
444 537 511 596 uitio
530 554 581 594 non
600 537 724 606 totuin
742 539 791 594 cut
808 535 879 612 quod,
896 535 940 594 illi
955 536 1070 614 flectunt
1090 553 1179 610 genua
1195 552 1255 593 cnm

154 624 271 682 adorant
291 625 317 680 ct
337 625 430 694 mont,
454 625 589 678 sementes
606 639 701 678 moran
719 611 909 696 antiquitatis,
932 639 979 678 nos
999 639 1058 678 uero
1075 623 1189 678 minime.

236 704 326 764 Porro
354 704 403 781 qni
428 703 516 762 natali
540 705 680 782 integram
700 704 945 781 quadragesimam
970 701 1205 784 praemittebant,
1237 703 1258 762 ii

153 789 406 869 auspicabantura
427 793 468 853 14
486 789 533 848 die
553 789 737 865 Novembris,
758 793 792 848 ut
811 790 957 867 monachi,
985 809 1056 866 quos
1077 789 1187 851 adhoc
1207 808 1258 868 pe-

153 876 263 934 culiaria
285 873 384 952 regula
400 872 553 950 obligabat.v
607 875 744 950 mandabi,
765 874 857 949 inquit
881 876 1051 952 Balsamou,
1079 879 1127 953 qui
1148 893 1257 946 moram

149 959 344 1040 fundationum
360 960 592 1018 constitutionibus
609 966 740 1038 coguntur
762 959 876 1037 amplius
897 964 1032 1034 ieiunare,
1052 960 1153 1019 scilicet
1174 981 1192 1018 a
1209 959 1258 1038 se-

155 1053 196 1104 sto
214 1049 328 1106 cranium
346 1051 495 1104 sanctorum
516 1049 577 1102 eto
600 1041 639 1107 14
659 1047 754 1104 masne
771 1043 942 1121 Noonubn's,
969 1047 1012 1104 ael
1031 1048 1114 1104 inuiti
1131 1050 1258 1122 cogentur

153 1135 230 1210 requi
245 1136 349 1191 statuto
366 1147 475 1213 suarum
485 1125 691 1206 fundationum,
712 1133 835 1208 manium
850 1127 897 1190 loc
914 1137 952 1190 est
969 1135 1122 1214 canonicum
1139 1138 1165 1190 et
1182 1129 1258 1189 sotu-

154 1222 229 1286 sarm
250 1213 462 1296 quemadmodum
480 1213 602 1291 attatei,
621 1218 669 1293 ηαί
684 1220 834 1292 maspmte
847 1217 890 1275 ita
904 1219 1039 1289 reumont,
1061 1215 1140 1276 lande
1148 1220 1173 1274 et
1186 1235 1257 1292 gru-

155 1305 256 1360 tiorum
275 1304 375 1361 actione
393 1300 472 1376 digni
487 1299 659 1359 hebetaretur.
702 1300 780 1374 quod
793 1299 860 1359 dicit
880 1301 916 1359 de
932 1302 1006 1360 festo
1025 1305 1138 1360 nonium
1151 1306 1258 1360 cuncto·

151 1376 232 1460 σοιν,
250 1386 281 1443 id
304 1387 480 1444 reserandum
497 1390 542 1443 est
562 1385 600 1443 ad
618 1385 748 1442 ieiunium
773 1391 840 1444 ante
859 1383 962 1445 festum
975 1386 1098 1446 omnium
1112 1385 1258 1465 apostolo·

154 1490 234 1547 rum,
256 1471 334 1546 quod
359 1470 459 1530 Graeci
480 1468 622 1529 celebrant
644 1469 742 1529 ultimo
756 1469 802 1530 die
815 1469 903 1547 lund,
923 1472 1001 1530 cuius
1015 1471 1180 1550 principium
1194 1475 1256 1532 erat

154 1558 259 1615 festum
281 1556 403 1615 omnium
428 1560 605 1632 sanctorum,
627 1555 705 1633 quod
730 1554 832 1620 Graeci
856 1557 997 1616 celebrant
1019 1557 1259 1634 primodominicu

153 1647 225 1719 post
238 1647 437 1719 pentecosten:
456 1657 520 1698 cum
533 1646 628 1698 autem
641 1645 806 1718 pentecoste
822 1639 859 1698 sit
874 1644 976 1700 festum
990 1641 1110 1717 mobile,
1130 1661 1259 1700 necessa-

155 1728 196 1784 rio
215 1727 300 1785 etiam
314 1727 418 1784 festum
434 1719 710 1784 mnninm'sunctorum
725 1730 770 1782 est
788 1725 891 1782 festum
905 1725 1006 1800 mobile
1027 1729 1104 1804 apud
1125 1727 1260 1805 Graecos,

155 1827 232 1869 nunc
246 1811 275 1868 in
287 1810 364 1869 Maio
377 1826 453 1868 nuuc
463 1809 494 1866 in
509 1809 591 1868 lunio
603 1826 760 1870 occumeus.
802 1825 860 1884 quo
875 1811 909 1868 fit
921 1816 955 1869 ut
965 1812 1097 1870 ieiunium
1111 1810 1179 1869 illud
1193 1817 1261 1870 aute

157 1895 352 1974 apostolorum
379 1896 484 1952 festum
508 1895 597 1952 etiam
616 1895 697 1974 *apud
721 1894 872 1953 monachos
898 1896 1049 1974 aliqnando
1076 1896 1187 1957 bravius
1211 1895 1263 1955 ali-

155 1975 273 2056 ·qu'audo
290 1980 402 2056 longius
422 1980 522 2058 luerit,
544 1980 674 2058 ΔΙιοσοὶαε,
695 1980 719 2037 si
741 1985 906 2058 pentecoste
921 1983 956 2042 in
975 1980 1085 2041 Iuniam
1109 1982 1268 2061 incidisset,-

153 2065 286 2143 ‘lougiom
307 2065 332 2124 si
346 2066 375 2123 iu
387 2062 504 2124 Maium.
546 2058 610 2125 vide
624 2065 652 2124 Τ
653 2063 765 2143 ypicum
779 2065 879 2125 Sabae.

244 2151 459 2210 Observandum
473 2156 503 2208 et
518 2149 587 2228 hoc,
609 2151 734 2210 Graecos
745 2151 1036 2212 commemorationem
1053 2149 1177 2211 omnium
1192 2149 1263 2210 lide·

157 2234 226 2294 lium
245 2237 442 2294 destructorum
466 2253 551 2312 agere
575 2237 644 2295 seria
668 2237 767 2312 quinta
786 2243 854 2296 ante
874 2241 1078 2315 pentecosten,
1099 2241 1133 2296 ut
1151 2240 1265 2296 constat

161 2338 196 2382 ex
209 2321 280 2380 libro
291 2323 385 2380 rituali
398 2321 567 2402 Nicephori,
590 2323 638 2398 qui
650 2313 895 2382 Pentecostarium
908 2322 1077 2382 inscribitur.

206 2487 208 2502 ,
231 2437 296 2490 ibid.
314 2431 478 2506 οἷπόκρεων,
494 2435 712 2506 carnisprivium,
733 2435 860 2489 celebrior
876 2452 952 2489 uuum
970 2436 1066 2490 babent
1082 2431 1195 2500 Graeci,
1216 2433 1265 2487 do-

161 2503 251 2560 minica
275 2508 466 2574 sexagesimae,
492 2513 520 2560 et
547 2501 712 2573 κρεωφᾶγον
737 2506 914 2574 carnivorum,
940 2505 962 2558 si
987 2505 1023 2558 ita
1046 2507 1164 2576 prolerre
1178 2503 1265 2572 liceat,

161 2574 229 2628 diem
240 2575 345 2628 solemni
362 2575 494 2628 Pambotis
507 2577 587 2630 desto.
607 2583 636 2628 ut
657 2590 720 2627 nero
731 2575 818 2627 -saoris
836 2574 962 2642 mmteriis
980 2576 1096 2644 corporis
1114 2580 1141 2625 et
1157 2573 1264 2642 saugui-

161 2644 201 2696 nis
218 2643 315 2696 Christi
331 2645 507 2714 participaturi
524 2643 642 2696 ieiunium
657 2649 754 2713 reptem
772 2643 814 2696 vel
831 2644 944 2714 quinqua
960 2643 1049 2696 saltem
1072 2644 1168 2696 dierum
1185 2659 1265 2714 proo-

161 2713 262 2766 mittere
277 2714 336 2782 lege
352 2713 402 2767 iam
420 2713 477 2766 obus
495 2714 580 2784 posito
603 2729 703 2781 usuque
728 2712 872 2766 memoriam
898 2723 996 2766 omnem
1020 2717 1200 2781 praevertente
1219 2728 1264 2763 re·

161 2777 1154 2920 triumuiri?leitilaititlzttitltttiitlittle
1171 2779 1265 2900 tiit

161 2869 328 2974 snrrblctioois
344 2920 454 2988 Christi,
474 2927 528 2974 turn
544 2919 700 2974 dormitionis
718 2919 838 2990 deiparae
855 2922 939 2984 lato,
963 2919 1006 2972 ille
1027 2919 1126 2989 quoties
1144 2916 1264 2970 ieiunium

162 2996 223 3042 aute
240 2997 376 3044 memorata
391 2989 528 3055 solemnia,
544 2991 578 3042 ob
596 2997 740 3042 secuturam
759 2989 973 3057 communionem,
991 2989 1161 3059 auspicantur.
1179 2993 1264 3038 toruus

163 3057 262 3110 unionis
282 3059 349 3112 inter
366 3059 568 3122 Constantinum
581 3055 828 3128 Porphyrogenitum
852 3065 879 3111 et
902 3059 957 3110 eius
979 3074 1095 3110 socerum
1123 3057 1265 3108 Romanum

159 3125 230 3178 'luris
252 3127 304 3178 GR
327 3127 345 3182 l.
366 3129 401 3181 2:
428 3127 487 3195 τρίς
509 3129 561 3180 τοῦ
584 3121 715 3180 ἐνιαυτοῦ
737 3123 926 3196 discriminatae
948 3125 998 3195 τῆς
1017 3120 1195 3186 ἀπολαύσεως
1210 3123 1267 3177 τῶν

159 3194 252 3248 asma
269 3195 443 3282 μυστηρίων,
459 3194 536 3261 derat
553 3193 604 3264 pir
620 3189 696 3266 ίντῇ
715 3193 883 3264 saiandan
900 3195 951 3248 rori
974 3198 1048 3250 θεοῦ
1070 3192 1119 3248 καί
1142 3195 1267 3262 σωτῆρος

162 3257 243 3330 ἡμῶν
259 3260 424 3332 αναστοίσει,
441 3261 572 3329 δεύτερον
587 3257 619 3318 ἐν
635 3265 671 3334 τῇ
686 3260 810 3348 noterium
822 3265 873 3332 τῆς
885 3259 1026 3332 ripariorum
1042 3261 1142 3318 δεσποί
1176 3265 1267 3324 cbao-

164 3328 270 3400 τόκον,
286 3331 334 3385 nol
352 3332 447 3398 τρίτον
463 3327 494 3388 ἐν
509 3333 547 3420 τῇ
562 3333 695 3404 γενεθλίῳ
712 3327 803 3405 ripaue
819 3335 872 3388 rori
887 3334 1023 3400 Χριστοῦ,
1039 3327 1088 3386 dori
1103 3327 1147 3384 cd*
1167 3327 1264 3384 ντοιιί-

159 3418 227 3463 ,ναις
242 3403 430 3469 προηγεῖσθαι
445 3418 584 3470 νηστείαν.
608 3401 666 3454 hinc
702 3401 795 3470 eroipia
812 3419 858 3456 coa
875 3418 966 3456 aarum
989 3407 1051 3472 post
1066 3400 1184 3454 ieiunium
1201 3400 1269 3453 deli-

164 3469 280 3524 beraturi
295 3465 444 3539 ποισχοίζειν
459 3488 489 3525 ae
503 3468 604 3532 dicant,
638 3485 671 3524 uo
704 3471 886 3533 commuuione,
917 3488 985 3540 quae
1000 3485 1088 3524 verum
1104 3469 1200 3542 pascha
1217 3477 1268 3537 est,

164 3539 305 3610 praemissa
323 3555 417 3608 corpus
434 3539 508 3593 etiam
525 3487 639 3610 paschal
655 3536 712 3591 cibo
729 3539 837 3592 reticere
849 3539 1037 3607 aggrediantur.
1056 3540 1090 3592 da
1107 3539 1266 3592 Graecorum

164 3607 260 3662 ieiunio
287 3609 390 3662 uberior
416 3617 456 3662 est
480 3607 628 3662 dissertatio
652 3615 738 3660 nostra
761 3607 794 3661 ed
819 3607 1009 3676 Euchologica,
1033 3609 1061 3661 in
1080 3625 1131 3678 qua
1147 3607 1266 3660 ieiunium

165 3678 355 3747 apostolorum,
375 3677 408 3730 de
433 3696 483 3748 quo
507 3679 645 3730 Gretserus
672 3677 727 3739 hic,
751 3677 870 3748 quodque
893 3677 973 3731 minus
997 3680 1158 3761 frequentata
1177 3695 1208 3730 eo
1225 3675 1267 3728 dia

166 3747 338 3800 communione
355 3764 442 3818 parum
469 3748 635 3810 observatur,
658 3745 814 3803 includimus.
841 3747 1071 3815 transfigurationis
1094 3765 1170 3816 porro
1196 3744 1266 3814 quod

164 3823 287 3870 memorat
303 3816 437 3870 Balsamon
454 3815 521 3887 apud
538 3817 690 3869 Gretserum
716 3814 766 3867 iarn
779 3815 941 3885 ¹antiquatum
959 3824 1011 3880 ast,
1035 3817 1079 3872 vel
1097 3823 1168 3870 certe
1192 3814 1266 3882 quiu-

166 3885 238 3939 denis
255 3895 315 3939 ante
330 3886 451 3956 deiparae
466 3884 640 3939 dormitionem
658 3885 742 3938 carnis
759 3885 913 3939 comestione
931 3885 1021 3942 diebus
1038 3886 1134 3939 orbatis
1151 3901 1267 3952 compre-

50 3995 53 4000 .
165 3954 292 4008 benditur.

250 4049 278 4106 p.
294 4031 336 4092 60
348 4047 374 4087 v.
389 4031 418 4090 7.
448 4027 485 4086 ad
501 4025 763 4099 circumstatiouem]
789 4027 867 4086 cuiue
889 4029 1038 4105 imaginem
1050 4027 1114 4085 vide
1130 4025 1270 4104 depictam

167 4113 324 4190 aCorippo
339 4113 427 4191 poeta
439 4111 570 4170 Africano
586 4113 621 4168 de
631 4110 760 4170 laudibus
771 4111 873 4172 Iustini
889 4118 907 4176 3
931 4113 990 4176 158
1001 4116 1123 4176 2169.

161 4245 164 4252 ,
252 4199 397 4276 lutegmm
412 4197 561 4272 idiornelou
576 4201 668 4258 exstet
681 4197 711 4256 iu
724 4197 846 4260 Menaeo
862 4201 904 4264 25
917 4197 1096 4274 Decembris,
1121 4199 1150 4252 et
1165 4195 1271 4254 adscri-

167 4282 243 4344 bitur
256 4283 354 4362 loarmi
366 4284 513 4346 monacho.
550 4361 552 4378 V
941 4331 943 4339 .
