2822 4684
496 278 542 348 ut
570 280 719 350 CODINI
745 280 829 348 GAP.
853 279 897 352 Π.
1177 283 1250 354 203

149 441 395 500 enascentium
410 442 532 498 melesius
550 460 595 498 see
611 442 715 498 ciendis
734 442 853 514 miscopi.
888 459 937 498 uec
955 441 1086 514 superflua
1110 443 1255 512 dese-istm

151 512 338 583 significantias
354 510 505 578 coniunctim
523 511 655 582 ponendas
674 513 776 567 censui:
797 513 855 566 huic
874 513 940 566 enim
962 514 1079 568 vestiarii
1094 514 1206 570 cura'tori
1225 522 1256 570 ut

151 583 262 636 vestium
279 579 397 636 custodia
413 581 559 637 nullatenus
578 581 743 649 deneganda,
769 581 806 636 ita
830 582 903 650 regia
921 581 1034 636 thesauri
1057 599 1118 638 cura
1135 601 1184 638 uec
1204 597 1254 638 nou

151 653 191 706 rei
208 651 375 716 domesticae,
400 666 484 720 aeque
502 660 541 713 acl
552 650 709 721 privatarum
735 651 882 718 logothetae
906 655 933 704 et
951 651 1025 720 aliis,
1045 653 1179 707 tribuenda
1198 667 1255 707 curn

151 726 257 776 auctore
273 738 296 774 e.
316 719 349 788 5,
367 719 413 772 ubi
431 724 569 791 postquam
587 720 813 789 protovestiaritae
825 718 966 774 subiectum
983 721 1105 785 asseruit,
1123 717 1260 790 ὑπηρετεῖ

151 786 185 844 δέ
204 789 287 859 inquit
305 785 345 850 εἰς
361 783 413 851 τὰς
436 784 663 857 προσφερομένας
684 788 733 843 καὶ
749 781 927 858 ἒξερχομὲνας
946 785 1073 852 εἰσόδους
1088 807 1118 844 τε
1138 790 1188 843 καὶ
1210 786 1255 856 ἐξ·

152 855 246 943 dacos.
281 857 418 941 contirmat
435 859 512 940 huna
530 859 661 942 (lamneus
677 858 817 912 Alexiados
833 860 851 912 2
870 856 1019 911 vestiarium
1037 858 1092 912 sive
1113 857 1256 946 cubiculum

151 927 500 1065 tltttt‘lilltmsltt
514 923 1255 1068 astitistis“ttlhtait‘tt‘ttttttt

153 1061 305 1186 ppidspptsp
318 1013 454 1186 οἷπδιδέι,
469 1060 554 1186 ᾔρετο
573 1058 660 1151 quisti?
678 1065 772 1186 [⁰2¹⁰.
788 1058 826 1186 gri
850 1059 882 1118 τδ
905 1059 1139 1186 ᾯμηρριιόν·ληίς
1161 1061 1255 1149 πάθην

152 1151 389 1272 {stistinet
418 1151 511 1256 stt
527 1150 713 1269 ἴλλλὲλλ,
732 1152 789 1255 tt
800 1150 1135 1268 attentasset
1150 1150 1257 1258 ttttt

154 1271 318 1338 διακομίζει.
353 1270 429 1324 hodie
449 1271 547 1341 pariter
563 1271 689 1324 aerarium
711 1276 739 1324 et
754 1269 833 1324 fiscus
851 1271 999 1341 pontificius
1016 1289 1135 1326 camerae
1151 1279 1260 1344 aposto·¹

153 1341 223 1394 liene
242 1339 341 1392 nomine
362 1339 528 1410 indigitetur,
549 1342 579 1394 lu
602 1357 722 1404 curnem
743 1356 905 1408 summusque
929 1341 1082 1394 camerarius
1107 1341 1256 1411 apostolicis

154 1425 257 1478 quoque
276 1408 348 1475 gazis
365 1409 528 1479 praeficitur,
556 1403 572 1462 δ
595 1405 812 1479 προκαθήμενος
833 1409 886 1461 τοῦ
910 1408 1081 1496 prestamus,
1104 1425 1180 1479 quem
1201 1411 1256 1464 Lao

154 1476 384 1601 Gumimfpi'sin
401 1477 570 1534 Constantino
581 1477 678 1534 Leonis
695 1478 749 1532 filio
782 1495 982 1548 πριμμιιιηριον
994 1479 1046 1533 τοῦ
1057 1479 1200 1550 βασιλικοῦ
1212 1478 1256 1550 βε-

154 1563 282 1616 στιαριον
315 1561 374 1602 rrn.

224 1668 251 1720 p.
272 1651 304 1704 11
321 1667 347 1707 v.
364 1651 408 1703 21.
435 1643 451 1702 δ
471 1642 635 1770 patescimus]
662 1646 808 1702 vestiarium
827 1649 895 1701 hunc
915 1665 991 1701 cense
1008 1649 1208 1718 protovestiario
1230 1653 1258 1704 et

154 1719 271 1774 vestiarii
288 1719 421 1788 praefecto
440 1733 470 1770 su
487 1718 590 1771 lectum.
633 1716 688 1769 eius
710 1718 873 1788 praecipuum
895 1733 984 1770 munus
1004 1725 1043 1770 est
1069 1736 1166 1774 summa
1187 1720 1258 1774 circa

155 1787 305 1842 vestiarium
325 1785 458 1855 vigilantia
480 1803 511 1838 ac
533 1786 587 1838 eius
604 1793 730 1855 perpetua
752 1801 828 1853 cura;
852 1785 919 1838 unde
937 1792 964 1838 et
982 1786 1144 1856 expeditione
1160 1787 1257 1842 marina

156 1865 279 1924 suscepta
296 1855 392 1908 triremi
410 1854 472 1906 illud
490 1853 635 1925 deportanti
650 1853 772 1923 imperat,
793 1871 826 1908 ac
837 1852 892 1909 eius
910 1853 1022 1910 triremis
1041 1855 1114 1912 velut
1133 1857 1258 1926 apotheca

156 1925 279 1980 vestiaria
294 1923 483 1994 imperatorium
500 1922 624 1998 sequitur.
658 1930 747 1976 auctor
763 1941 785 1977 c.
812 1924 838 1984 5.
1253 1943 1256 1951 ·

174 2096 182 2112 ·
224 2046 252 2098 p.
272 2029 344 2150 Ῑῼιν.
364 2028 387 2081 1.
406 2019 422 2080 δ
441 2018 618 2095 ἕταιριαίρχης
633 2025 700 2078 idem
713 2026 799 2078 officio
818 2007 850 2078 ac
866 2021 951 2095 μέγας
962 2017 1154 2096 ἕταιριᾶρηης,
1171 2006 1260 2081 serhru

158 2113 183 2151 et
197 2114 301 2169 supposr
313 2112 351 2150 us.

226 2201 261 2256 ih.
277 2216 308 2254 u.
325 2200 351 2254 2.
387 2193 402 2251 δ
421 2192 604 2265 λοηαριαστὴς
614 2195 665 2266 τῆς
683 2192 770 2266 αὐλῆς
788 2195 885 2250 aulicus
897 2197 1087 2266 thesaurarius,
1106 2197 1151 2268 qui
1162 2197 1260 2252 meritis

158 2274 187 2322 et
200 2268 330 2338 ohsequiis
341 2267 468 2338 stipendia
486 2273 620 2336 exaequet.
655 2271 750 2319 utnon
766 2276 817 2320 tam
834 2267 959 2320 rationum
980 2267 1073 2322 aerarii
1091 2284 1166 2336 quam
1185 2267 1261 2320 mini·

157 2339 294 2392 etariorurn
311 2337 438 2391 deotmot
454 2352 486 2388 ac
503 2336 661 2405 disceptator
676 2337 771 2388 existit.
805 2342 895 2388 auctor
910 2337 943 2388 de
961 2336 1004 2402 illo
1015 2333 1118 2391 uberius
1130 2353 1155 2390 e.
1168 2337 1194 2392 9.
1213 2351 1260 2390 nos

159 2408 192 2462 de
210 2407 368 2477 legeriusta,
386 2405 428 2460 ubi
442 2405 476 2457 de
492 2405 578 2474 magni
594 2405 669 2458 huius
686 2405 794 2459 nominis
812 2404 908 2459 officio.

227 2510 261 2566 ih.
278 2528 305 2563 v.
319 2509 345 2564 3.
361 2503 377 2562 δ
397 2501 639 2576 στρατοπεδάρχης
655 2507 712 2562 τῶν
725 2503 916 2574 Μοορτάταν]
932 2505 977 2577 qui
989 2506 1043 2560 siut
1056 2507 1164 2560 Murtati
1180 2507 1261 2562 conii-

158 2596 219 2648 cere
234 2578 350 2646 quidem,
376 2583 404 2632 at
417 2595 468 2630 nou
487 2582 557 2630 certo
572 2577 684 2646 probare
697 2593 838 2646 possumus.
875 2582 915 2629 est
931 2581 1003 2629 certe
1018 2577 1138 2646 μοῦλτον
1156 2579 1260 2646 seditio,

158 2650 298 2707 tumultus,
323 2647 391 2716 apud
407 2646 599 2700 Constantinum
613 2646 861 2728 Porphyrogenitum
885 2645 910 2697 in
928 2645 1000 2698 Nov.
1020 2641 1180 2715 ἐπιβουλαῖς
1201 2640 1261 2699 ἑπι-

157 2711 259 2788 ’χειρεῖν
277 2709 297 2786 ἢ
314 2711 432 2788 proditor.
467 2715 540 2768 cuins
563 2721 712 2768 sententrarn
736 2716 850 2768 referens
874 2713 1021 2767 Matthaeus
1047 2713 1179 2767 Blastares
1195 2713 1259 2767 Ele·

159 2785 237 2840 menti
250 2786 279 2838 Σ
290 2804 314 2839 c.
332 2787 373 2840 11.
389 2785 416 2837 in
433 2783 544 2840 Nornoc.
562 2783 652 2836 scribit
664 2780 775 2853 nosipsos
793 2779 981 2854 vieepodtsqoc
999 2783 1183 2836 recentioribus
1195 2783 1261 2836 eninr

161 2860 176 2910 λ
192 2856 220 2908 in
240 2874 255 2924 ρ
275 2859 373 2908 mutare
391 2870 467 2924 quam
482 2853 622 2917 familiare,
645 2859 674 2906 ut
689 2843 778 2920 ἦρδες
794 2853 851 2906 vice
867 2839 970 2920 ἦλθες,
995 2845 1121 2918 δρμνρόν
1138 2851 1196 2904 vice
1209 2848 1259 2905 oii-

159 2919 258 2996 μνρόν.
292 2940 325 2976 an
345 2940 405 2975 vero
422 2918 478 2977 detti
498 2918 622 2992 μούρτοο
640 2917 823 2990 Μονρτάτοι,
851 2937 902 2972 non
920 2922 969 2988 ,qui
987 2921 1118 2974 tumultum
1138 2923 1259 2986 excitent,

161 2994 206 3046 sed
221 2993 265 3062 qui
277 2999 440 3063 compescant
455 2991 652 3045 silentiariorum
672 2991 745 3058 vice,
764 2990 807 3043 rel
826 2991 902 3042 etiam
920 2989 943 3042 si
959 2991 1093 3044 tumultum
1117 2991 1206 3056 edant,
1229 2990 1261 3043 ad

159 3061 331 3116 reverentiam
356 3061 502 3131 imperatori
527 3059 708 3126 exhibendam‚
739 3058 813 3112 velut
833 3058 978 3130 praesentis
1001 3059 1142 3112 maiestatis
1164 3059 1262 3126 signum

161 3133 255 3198 edunt,
278 3131 396 3184 literatus
421 3132 505 3184 lector
527 3130 657 3184 iudicabit.
701 3129 831 3184 Murtatos
851 3145 928 3198 porro
952 3127 1130 3181 stationarium
1156 3129 1262 3181 militurn

158 3203 330 3321 tagnplencpsse
347 3199 409 3252 nulli
426 3199 546 3320 §limma
566 3205 701 3254 uteorum
721 3199 810 3253 ducem
825 3193 1088 3268 στρατοπεδάρχην,
1116 3197 1160 3266 qui
1177 3195 1261 3254 Leoni

161 3287 190 3323 sn
234 3285 250 3320 a
287 3285 323 3321 crs
337 3285 424 3337 καμπι
445 3285 560 3336 ονκτωρ.

231 3371 269 3425 ih.
287 3388 314 3424 v.
333 3371 358 3426 4.
378 3369 435 3423 suiv
454 3367 604 3433 Τζακόνων
648 3369 764 3422 Lacona
782 3368 859 3422 hodie
872 3367 961 3422 vocari
973 3368 1110 3421 Tzaccnas
1127 3369 1201 3421 recte
1217 3369 1265 3436 oh·

162 3444 301 3496 servarunt
316 3457 350 3492 ex
367 3441 487 3506 Gregora
502 3439 556 3492 tt
612 3437 726 3503 eursius,
753 3439 911 3503 Gretserus‚
932 3437 1116 3505 Bullengerus:
1146 3447 1267 3508 corrupte
1305 3483 1310 3490 .

162 3519 248 3564 tamen
265 3507 299 3571 νζ
308 3509 365 3561 vice
380 3510 395 3560 λ
413 3507 532 3560 substitui
546 3508 651 3560 infitior.
687 3514 746 3558 sunt
755 3507 844 3574 itaque
853 3507 988 3560 Tzacones
1005 3523 1125 3574 germana
1136 3507 1267 3577 populari-

159 3597 216 3649 ¹que
232 3576 469 3646 pronuntiationes
487 3576 617 3630 Tzaconia
635 3575 806 3646 Peloponnesi
824 3582 924 3640 monte,
950 3575 993 3644 qui
1012 3575 1124 3644 antiquis
1145 3577 1268 3630 Cronium
1322 3605 1325 3614 ·

92 3686 94 3692 -
163 3655 205 3703 est
222 3653 345 3711 vocatus,
368 3644 475 3698 oriundi.
508 3645 546 3697 ita
570 3645 701 3698 Gemistue
723 3644 789 3714 apud
808 3645 933 3698 Ortelium
951 3651 978 3696 et
995 3643 1124 3712 Georgius
1145 3647 1269 3700 Ceresius

160 3718 190 3776 in
206 3715 348 3786 rescriptis.
384 3714 530 3782 magistrum
546 3730 625 3784 porro
643 3713 827 3778 Tzaoonitarn‚
844 3713 944 3782 dequo
963 3712 1136 3784 Luitprandus
1153 3714 1179 3767 in
1196 3715 1268 3782 lega-

162 3786 248 3908 tipfpe,
266 3803 324 3839 esse
342 3784 409 3839 hunc
426 3784 482 3839 τῶν
501 3779 651 3850 Τζακόνον
668 3777 913 3852 στρατοπεδάρχην
930 3783 999 3835 nullo
1014 3789 1120 3838 auctore
1137 3784 1268 3839 Meursius

162 3873 178 3908 a
210 3861 285 3909 rmat.

233 3940 268 3992 ih.
288 3956 313 3992 s.
329 3936 355 3994 5.
389 3934 597 4009 μονοκάβαλλοι
613 3936 689 3992 iidem
706 3937 752 4008 qui
769 3932 922 4005 μόνιπποι,
938 3935 1013 3989 unico
1030 3940 1175 4006 pugnantes
1190 3952 1266 4005 equo.

165 4007 214 4062 hos
236 4007 411 4079 Palaephatus
426 4004 545 4076 κέλητας
561 4014 652 4072 vocat,
671 4007 768 4061 Plinius
784 4006 819 4062 34
836 4005 853 4060 5
868 4007 976 4071 celatos,
999 4005 1100 4058 Seneca
1116 4008 1268 4074 singulario-

165 4094 208 4130 res
228 4078 260 4130 ab
279 4093 346 4145 equo
364 4077 555 4146 singularique
581 4079 727 4131 utebantur.
762 4071 843 4144 κέλης
865 4074 960 4129 Snidae
986 4069 1071 4141 μόνος
1095 4072 1195 4143 ἵππος,
1218 4071 1268 4127 καὶ

166 4141 183 4198 δ
202 4139 250 4199 tet
265 4143 367 4200 τούτου
384 4142 551 4214 φερόμενος·
570 4139 585 4198 δ
603 4141 762 4214 σελλολριος,
787 4140 803 4200 δ
825 4139 936 4214 ννμνός.
969 4140 1018 4195 καλ
1033 4140 1119 4202 ἵππος
1136 4137 1167 4194 dl
1185 4137 1266 4212 κε’λης

166 4209 310 4283 ὀρομνός.
353 4215 505 4270 scholiastes
531 4216 663 4268 Graecus:
694 4209 775 4285 κέλης
797 4213 883 4276 ἵππος
904 4206 1061 4283 μονάμπνξ.
1095 4210 1171 4281 plura
1192 4211 1265 4266 iler-

165 4300 272 4340 manuus
286 4285 364 4355 Hngo
381 4285 415 4340 de
430 4285 518 4340 militia
534 4285 648 4356 equestri
665 4285 683 4339 3
699 4284 726 4339 4.
