2822 4684
63 1539 67 1548 ,
153 1484 240 1560 αὐλῆς
256 1483 489 1558 ἔπιμελούμενοςῖ
523 1490 605 1542 codex
622 1489 687 1542 enim

484 331 532 401 IN
555 329 703 400 CODINI
731 330 814 398 GAP.
843 329 887 402 ΙΙ.
1181 334 1258 404 195

153 483 288 566 βασιλέως
304 485 359 546 reio
373 487 537 562 Ῥωμαίων,
565 489 602 556 ὡς
618 487 683 562 παρ’
703 488 791 548 odrosi
806 489 1030 617 upogulldpeuoe
1045 489 1094 548 sal
1108 489 1141 564 ed
1159 497 1251 550 rosod-

152 581 205 618 τον
229 559 376 650 δεχόμενος
392 557 522 638 Ιαἷξίωμα,
540 561 596 617 «ναὶ
616 558 652 618 roi
676 559 724 616 ὑπ’
747 559 835 617 αὐτοῦ
880 561 1066 633 εσνιατούμενα
1082 561 1188 632 κάστρα
1206 564 1255 619 καὶ

152 635 279 686 acturust
301 628 350 684 uui
371 631 458 700 χωρία
480 632 533 684 rasi
558 627 689 703 βασιλέως
709 633 766 686 τῶν
786 628 930 700 Ῥωμαίων
954 631 1016 688 slat.
1050 634 1117 686 huno
1140 641 1253 690 nostrum

152 697 241 770 μέγαν
257 695 379 770 ἄρχοντα
399 701 477 752 talem
495 719 553 754 esse
570 717 692 769 nusquam
710 701 871 768 affirmarim,
896 701 942 756 sed
965 703 1073 786 aliquem
1097 703 1166 756 inter
1191 721 1252 773 pro·

152 769 292 824 vincianam
317 774 433 821 rectores
456 769 633 840 praecipuum,
660 771 693 822 ob
717 787 808 824 nomen
832 771 875 824 vel
897 779 1095 842 praeposituram
1112 788 1128 824 o
1143 773 1253 826 caeteris

153 837 296 892 colendum.
335 837 376 908 τῷ
401 833 517 906 ἄρχοντι
536 833 588 900 τοὶς
612 837 667 892 cair
685 834 817 906 ὀρφανῶν
834 835 882 892 καὶ
899 834 950 902 soie
965 841 1017 908 τῆς
1031 840 1187 908 παρανοίας
1202 839 1253 896 uoci

154 902 206 969 urie
217 905 274 960 τῶν
291 900 459 976 ἀποκλήρων
475 899 648 972 &susurratas
662 913 811 962 reservatas
827 907 922 962 asserit
938 908 1034 963 Suidas
1050 927 1076 964 v.
1093 903 1250 978 ἦνεμοννία.

237 1033 267 1093 p.
280 1015 321 1075 10
335 1030 362 1070 v·
381 1014 428 1074 16.
459 1009 550 1071 Tatas
568 1018 698 1074 scutata
721 1013 813 1092 aulae]
836 1032 939 1073 nomen
960 1019 1005 1073 est
1024 1035 1042 1074 a
1061 1021 1159 1093 patre,
1180 1017 1253 1075 sicut

153 1105 184 1160 et
203 1097 349 1172 αααπίας.
370 1097 445 1154 unde
460 1095 607 1157 Germanis
623 1117 735 1175 quoque
750 1104 792 1159 eiu
805 1099 873 1160 alter
892 1099 987 1174 Tatel,
1011 1105 1041 1158 et
1055 1100 1127 1160 Atta
1141 1102 1210 1162 athe.

222 1213 325 1266 Nomen
354 1229 371 1266 a
396 1211 535 1266 Theodoro
565 1213 672 1266 Lascari
708 1212 810 1266 videtur
846 1213 990 1266 inventuros
1008 1207 1011 1216 ’
1031 1231 1098 1284 quae
1134 1215 1247 1284 dignitas

152 1283 249 1350 fuerit,
287 1282 332 1334 vix
371 1289 481 1335 constet.
526 1282 646 1335 Lascaris
678 1281 722 1334 ille
755 1299 811 1336 cura
839 1283 978 1338 Theodoro
1009 1283 1160 1354 Callimpsni
1191 1285 1251 1339 Pri·

155 1353 208 1423 lapi
241 1350 428 1420 vicinarumque
454 1352 585 1418 regionum
609 1351 747 1404 custodiam
773 1350 951 1418 commisisset,
979 1355 1068 1406 τατᾶν
1094 1353 1145 1422 τῆς
1168 1349 1255 1422 αὐλῆς

157 1415 363 1488 αατωνόμαζεν.
400 1426 427 1473 at
451 1421 507 1488 quis
529 1421 620 1473 tates?
642 1437 676 1472 an
697 1419 771 1542 oppansi
794 1412 840 1474 ἐπὶ
862 1415 898 1474 roi
922 1421 971 1490 τῆς
994 1418 1079 1490 αὐλῆς
1101 1431 1128 1475 et
1149 1420 1185 1475 rol
1204 1425 1255 1510 τῆς

731 1489 800 1558 egias
814 1489 852 1543 ita
874 1490 953 1542 semel
978 1489 1057 1559 legit,
1084 1485 1120 1544 rol
1136 1493 1187 1560 τῆς
1203 1509 1256 1545 osu-

153 1559 219 1628 lrir:
240 1564 267 1611 et
282 1559 308 1610 in
325 1574 380 1610 earn
397 1557 530 1610 lectionem
547 1559 692 1628 propendet
709 1559 835 1612 Ceresius.
868 1558 919 1620 τοῖς
935 1560 985 1624 τῆς
1002 1555 1088 1629 αὐλῆς
1103 1559 1168 1628 legit
1183 1561 1256 1614 Mat-

154 1629 247 1680 thaeus
271 1629 422 1690 monachus,
445 1632 472 1679 et
496 1627 751 1696 opusculumincerti
768 1627 853 1698 operis
870 1644 929 1680 mox
946 1629 1138 1682 exscribendum
1154 1631 1256 1699 ταττῆς

154 1693 251 1765 αὐλῆς.
287 1713 321 1748 an
338 1697 376 1748 ita
393 1703 462 1748 tates
480 1696 546 1748 sicut
563 1695 695 1766 pappias‘t
729 1701 838 1765 utreque
851 1696 974 1764 siquidem
991 1697 1103 1750 dictione
1118 1701 1191 1768 paeri
1208 1716 1257 1770 ap-

154 1765 254 1848 pellant
273 1780 349 1828 avos,
365 1764 511 1831 ναπαίας,
528 1765 623 1825 raude.
659 1769 737 1834 atque
753 1765 791 1818 ita
808 1763 956 1833 quibusdam
972 1766 1113 1832 abblaadiri
1128 1768 1257 1821 voluerint

156 1839 344 1904 smperatores‚
360 1841 389 1884 ut
406 1832 587 1900 puerilitate,
605 1849 671 1902 quos
688 1839 794 1901 patrum
810 1833 912 1884 nomiae
928 1832 1024 1886 vellent
1038 1835 1188 1904 insignitos,
1205 1853 1256 1889 ror-

156 1905 210 1963 τάς
233 1902 308 1972 quasi
329 1908 420 1970 patres
444 1903 523 1954 aulae
548 1903 741 1954 constituerent
776 1918 809 1953 ea
831 1901 993 1966 Marcianus,
1017 1903 1055 1956 sit
1075 1905 1256 1972 Theophanes,

158 1971 298 2026 Tatianam
315 1979 342 2022 et
358 1968 447 2022 Iulium
464 1970 535 2038 prius
553 1971 647 2034 beros,
670 1970 697 2022 ia
714 1971 796 2024 aulam
813 1968 906 2022 deinde
922 1976 1041 2040 vocatos,
1062 1969 1186 2039 πατέρας
1204 1965 1255 2026 ad-

154 2035 222 2101 rosis
240 2033 424 2106 ἅνενήρνξενς
443 2047 470 2091 et
486 2039 552 2092 hanc
569 2039 672 2108 quidem
687 2039 787 2108 Libyae
804 2037 931 2106 (Zonaras
943 2039 1031 2093 scribit
1042 2040 1160 2108 lllyrici),
1178 2041 1256 2096 aliam

154 2109 226 2163 urbis
242 2109 399 2179 praesectum
419 2108 560 2162 constituit.
595 2107 757 2160 Theodosius
780 2107 914 2160 Helionem
932 2101 969 2168 ὥς
984 2104 1094 2174 πατέρα
1109 2105 1159 2162 dsoi
1175 2111 1257 2178 τιμῆς

153 2169 236 2247 ἦγεν,
253 2176 314 2229 filiis
330 2177 478 2239 Arsaniam,
502 2175 591 2230 scribit
608 2177 755 2246 cedrenus,
780 2171 1003 2246 βασιλεοπάτορα
1019 2177 1098 2253 dedit.
1131 2177 1186 2231 Leo
1205 2179 1257 2232 Sa-

173 2249 228 2299 iens
251 2245 319 2315 apud
344 2245 544 2298 Grammaticum
567 2245 774 2314 προεχειρίσατο
804 2246 945 2308 Ζαοῦτζαν
963 2243 1003 2308 εἰς
1020 2247 1256 2317 βασιλεοπατορα.

153 2266 339 2370 inustanciam
352 2314 448 2368 Leonis
464 2313 531 2368 filius
546 2315 580 2372 ad
597 2316 739 2368 Romanum
755 2315 859 2371 scribit:
876 2309 912 2376 ὡς
930 2311 1041 2382 φύλακα
1056 2316 1106 2382 τῆς
1119 2309 1186 2385 ἐμῆς
1195 2316 1255 2437 por-

155 2384 259 2468 oslslog
289 2377 514 2469 {ppppppoirorrpu
530 2381 581 2467 ucri
595 2380 762 2468 πιστιξτατον
779 2379 882 2467 aridiore
897 2385 953 2470 reip
972 2380 1132 2506 riardpalpa
1148 2381 1168 2454 ἢ
1185 2381 1192 2402 “
1241 2417 1255 2429 -

154 2470 410 2588 tittt’tttu
428 2470 602 2590 3353?th
625 2448 1278 2592 {tltt'ttitttt'bltb‘ttulistis·

154 2586 287 2644 διάθεσιν
304 2585 508 2659 ἐνδειξάμενον.
544 2592 633 2646 omitto
657 2609 673 2645 a
696 2591 852 2645 Francorum
875 2592 979 2658 regibus
1000 2591 1163 2661 pientissimis
1176 2610 1256 2661 pares

155 2661 288 2713 institutos
305 2660 379 2730 quasi
394 2667 501 2730 patres3
517 2661 711 2731 'Parcarumque
728 2661 866 2731 principem
882 2661 1001 2730 superbia
1026 2661 1088 2714 licet
1111 2668 1138 2713 et
1158 2659 1256 2714 ferocia

154 2730 349 2852 {pentescosten
371 2729 485 2786 seniores
507 2729 604 2786 aulicos
628 2731 722 2796 labos,
752 2736 854 2802 patres,
880 2746 1056 2801 nonnunquam
1080 2729 1196 2784 vocitare
1211 2748 1256 2785 so-

186 2815 236 2852 um·
289 2836 292 2842 ,
1104 2833 1106 2840 .

240 2907 278 2968 ib.
292 2926 319 2966 v.
335 2909 383 2972 17.
413 2905 536 2986 Magnus
551 2910 687 2988 transies]
706 2911 828 2970 retinent
848 2908 931 2968 hodie
941 2907 1005 2967 'boc
1020 2925 1123 2966 nomen
1144 2903 1256 2966 Tuscae

156 2993 187 3052 in
201 3011 253 3052 sua
277 2991 348 3052 aula.
390 2991 575 3054 Leuuclavius
597 2996 626 3053 in
650 2997 846 3055 Onomastico:
872 2995 962 3052 Trous
979 2995 1170 3058 commissarius
1183 2994 1259 3052 auli-

158 3097 216 3151 cus,
236 3079 284 3136 lroc
302 3084 342 3136 est
358 3083 508 3139 caluariae
521 3101 561 3138 res
578 3102 597 3138 a
615 3083 722 3142 sultano
742 3090 767 3140 et
787 3081 919 3140 aemulus
935 3084 1148 3153 committuntur,
1164 3085 1196 3138 ct
1213 3099 1258 3137 eos

157 3163 290 3241 expediat.
313 3165 459 3222 cuiusmodi
477 3165 673 3227 arsurumne
694 3169 851 3242 legationes,
874 3171 1020 3224 octaorum
1044 3165 1192 3239 legatorum
1209 3163 1259 3222 sle-

156 3248 306 3321 duots'oaos,
338 3253 387 3306 aut
417 3267 475 3310 oum
503 3251 597 3310 literas
620 3253 659 3310 orl
675 3256 807 3330 principes
838 3255 1021 3310 extranearet
1047 3249 1116 3308 alios
1137 3267 1260 3330 proceres

151 3331 272 3414 perferre
286 3332 417 3394 iubeatur.

225 3446 343 3500 Barbara
365 3463 417 3499 vox
438 3445 465 3498 in
490 3447 570 3500 aulam
599 3447 645 3500 ΟΡ
671 3447 791 3506 inductas
824 3466 842 3500 a
872 3448 1021 3514 mandatis,
1053 3463 1156 3512 cursor,
1190 3463 1259 3500 com·

156 3515 293 3570 missorius
318 3517 435 3579 culinus,
461 3517 501 3568 cui
523 3515 612 3569 vanae
633 3533 675 3570 res
698 3517 903 3581 committuntur,
930 3532 969 3570 est
994 3513 1153 3583 τζαούσιος,
1171 3515 1260 3568 Theo-

177 3583 238 3638 haai
254 3585 281 3638 in
298 3585 385 3638 Pboca
401 3583 631 3653 upmroaoripoorp.
670 3585 782 3638 officium
804 3603 944 3655 nomenque
966 3603 982 3638 s
1006 3586 1099 3638 Tuscis
1116 3592 1259 3654 acceptum.

157 3604 330 3708 iaeunclavias
346 3654 373 3706 ia
390 3653 566 3707 Onomastioo=
584 3655 766 3723 tanus-bassa,
790 3657 844 3708 siva
859 3661 1008 3725 praefectus
1024 3655 1149 3708 nobilium
1161 3657 1261 3708 aulico-

159 3743 234 3788 rum,
259 3725 350 3792 quibas
367 3724 460 3776 ourirw
475 3741 517 3776 res
533 3725 707 3793 capediurrdaa
720 3727 920 3778 committuntur.
954 3743 1045 3778 nomeu
1062 3731 1100 3778 est
1116 3724 1261 3793 dignitatis

158 3797 189 3848 s'rr
208 3795 273 3847 aula
284 3793 412 3846 Saltauea
423 3809 553 3862 maguae,
576 3812 632 3846 cum
650 3794 702 3861 sab¹
715 3795 763 3846 lroa
782 3797 857 3847 bassa
876 3796 972 3847 tzcusrb‘
987 3796 1047 3863 plus
1067 3795 1151 3846 miuus
1162 3794 1263 3860 septta-

159 3865 235 3934 geori
253 3864 374 3916 militent.
412 3863 508 3914 Graeci
524 3863 795 3930 qaoquecluoactoue
811 3865 961 3917 babuerunt
982 3865 1011 3914 iu
1033 3864 1101 3915 aulis
1119 3864 1262 3930 imperato-

159 3951 218 3984 rom
236 3949 355 3996 sacrum,
377 3931 501 3984 barbaros
518 3933 547 3982 ia
563 3935 609 3986 boc
627 3933 742 3998 imitati3
764 3934 973 4000 transierantque
991 3933 1093 3984 lassam
1105 3949 1152 3983 sao
1165 3932 1263 4000 lingua

160 3996 310 4055 diaererdr
324 3995 410 4069 μέγαν
428 3995 585 4064 τζαούσιον.
620 4001 653 4053 de
672 4001 776 4054 tzausiis
795 4002 913 4055 Tusciois
931 4001 1102 4070 Busbeqaius:
1128 4000 1157 4051 bt
1180 4000 1263 4050 vicens

160 4088 324 4124 accensorum
337 4071 565 4138 apparitoremque
575 4071 699 4140 impleut,
723 4078 748 4124 st
759 4073 887 4124 mandatu
897 4073 1023 4140 pleraque
1034 4069 1122 4122 omnia
1131 4084 1176 4120 seu
1185 4068 1261 4134 pria-

160 4141 226 4208 oipis
246 4141 391 4192 Tuscorum
410 4156 455 4192 seu
479 4141 612 4193 bursarum
630 4145 732 4207 suunt.
768 4138 874 4208 amplius
897 4139 957 4209 quid
974 4140 1000 4189 in
1017 4138 1074 4189 aula
1089 4135 1133 4186 ΟΡ
1151 4134 1263 4202 gessisse

87 4249 89 4254 s
159 4209 283 4262 arbitror:
301 4225 356 4262 nam
375 4212 401 4260 et
417 4208 576 4278 imperatoris
593 4209 737 4260 comitatum
755 4207 781 4258 in
799 4208 910 4260 ordinem
928 4207 1044 4272 coegisse
1061 4205 1142 4256 refert
1154 4203 1262 4255 inferius

83 4337 85 4344 ¹
159 4282 261 4345 auctor,
273 4273 439 4331 'sdruurotios
456 4273 509 4346 τήν
525 4278 577 4331 rori
594 4273 726 4400 (Ὗιλέως
743 4272 881 4342 σύνταξιν.
917 4293 948 4328 ea
967 4279 1054 4342 ropter
1067 4270 1193 4324 satellites
1204 4272 1261 4324 sive

161 4347 301 4418 stipatores
321 4347 400 4400 fuisse
423 4347 538 4402 Meursio
563 4363 625 4401 cons
638 4363 683 4402 aas
713 4361 814 4414 negem:
846 4294 998 4398 satellitiias
1020 4339 1262 4395 temen‘adiunctos
