2744 4690
198 231 277 360 aaa
354 279 561 381 anensem
575 281 631 350 nr
649 277 780 350 aaran
794 275 1126 346 contemnanus

197 446 365 534 topadarcira.
386 447 563 508 Andronicus
580 443 756 522 Palnealsgus
773 443 907 524 Apocauci
923 463 1002 522 gater
1012 447 1092 503 diam
1105 446 1163 523 ipse
1175 461 1307 520 magnas

194 535 412 616 stratapedarclra
434 533 610 611 desigrratra,
632 531 756 591 Galatas
778 530 990 607 protendamus,
1018 533 1104 588 etita
1122 527 1177 586 alii
1196 548 1305 602 amm,

195 639 281 684 aarum
295 619 437 698 suffragiis
457 615 599 695 dequibus
614 635 695 696 supra
712 615 838 678 desimus.
856 613 1014 693 patriosala
1028 617 1091 692 quia
1102 613 1221 690 gradum
1229 633 1305 691 per·

196 713 298 768 rmtare
318 725 369 764 nan
389 708 515 782 poterat,¹
529 703 622 761 talita
643 720 670 760 re
683 701 862 774 augustianam
870 699 955 777 feeit,
972 706 999 758 et
1012 701 1042 758 in
1054 699 1303 778 subscriptionibus

196 791 281 850 colore
299 789 419 850 cacruleo
438 793 478 848 eet
500 805 583 858 nsus3
598 787 801 866 flammeumque
815 803 861 844 scu
874 790 974 862 tegmen
987 786 1099 862 capitis:
1119 782 1190 862 puori
1210 789 1301 842 antea

194 873 383 957 patriarchas,
416 875 442 932 si
464 871 496 930 dc
519 869 651 930 monaciis
670 889 722 928 non
738 875 830 943 essert,
857 869 946 929 aliem
961 867 1036 947 fem
1054 885 1109 926 mas
1128 873 1187 926 erat
1197 913 1207 942 ,
1237 871 1300 946 ipse

194 981 263 1020 anso
284 959 450 1034 illustrarit,
471 957 614 1016 maioris
632 957 717 1014 nostri
740 959 770 1028 st
787 953 907 1014 illilmae
931 956 987 1013 eius
1009 951 1146 1028 genitricis
1165 951 1300 1028 deiparae

198 1065 232 1106 ac
244 1042 357 1104 Ioannis
372 1044 504 1122 baptistae
517 1041 628 1120 depictis
640 1043 670 1098 ia
680 1057 709 1097 eo
721 1040 845 1098 iconibus.
865 1037 1077 1100 Cantacnzenas
1091 1037 1111 1099 3
1127 1039 1177 1100 36.
1198 1035 1242 1094 ita
1254 1039 1296 1096 ad

199 1129 382 1192 ambitionem
395 1125 546 1206 tegendam
557 1129 722 1203 agamenta
735 1122 848 1203 pietatis
860 1125 995 1203 imagines
1008 1122 1112 1182 assumi
1124 1119 1296 1182 debuerunt.

284 1244 465 1306 Ambitiosior
476 1243 570 1303 adhue
585 1241 732 1320 Balgariae
747 1241 985 1322 archiepmaopus,
1008 1241 1056 1318 qui
1070 1245 1145 1300 teste
1163 1239 1296 1316 Georgia

199 1329 364 1409 Logotlneta
377 1330 556 1388 inClrroniao
569 1324 767 1408 adductionis
781 1327 953 1408 περιτίθησι
969 1330 1066 1407 σχῆμα
1081 1324 1133 1388 nul
1148 1319 1296 1406 διάδημα,

204 1415 246 1488 νίς
266 1416 394 1492 ἔφασκεν
416 1407 582 1494 αὕτόνομος
600 1409 644 1473 oia
658 1412 709 1475 nai
730 1413 837 1492 μηδενί
858 1406 993 1486 εὐθύνας
1014 1405 1146 1486 ὀφείλων
1165 1409 1295 1484 dadsisas,

202 1497 256 1563 nai
276 1495 327 1561 ded
350 1499 438 1562 sarisa
459 1497 535 1576 ἔχειν
553 1495 690 1574 ἐξουσίαν
705 1495 828 1580 βασιλέα
845 1495 971 1576 στέφειν.
995 1495 1060 1556 vide
1076 1494 1216 1556 novellam
1231 1496 1293 1560 131

202 1583 349 1646 Iustiniani
361 1581 544 1664 imperatoria

286 1684 360 1742 Cum
382 1682 501 1743 loannes
521 1683 735 1742 Centemmanus
753 1678 942 1758 Didymoticlri
959 1681 1108 1761 imperator
1125 1679 1295 1757 initiaretur,

204 1769 324 1848 ipsemet
337 1769 426 1849 primo
436 1776 529 1830 aalma
541 1770 735 1848 imperatoriam
747 1767 853 1843 induit,
877 1767 969 1826 diade
983 1770 1015 1826 in
1031 1773 1168 1846 amsperto
1181 1769 1294 1823 amnium

199 1855 280 1934 perles
297 1855 409 1933 crepidis
422 1856 561 1933 prapureir
574 1859 694 1921 eceman
708 1870 818 1932 quanam
838 1851 971 1911 dexteram
984 1855 1009 1910 ei
1022 1857 1151 1928 sanguine
1162 1854 1293 1926 proximi,

203 1944 339 1998 dammam
356 1957 390 1998 ea
408 1939 576 1998 conducticiis
596 1935 707 1996 haduis
728 1937 864 1996 aedilitate
890 1936 1067 2014 etsplmdors
1086 1937 1191 2014 genem‘s
1209 1939 1296 2013 pn'mi

203 2025 340 2084 inducant.
368 2024 525 2103 imperialem
543 2025 630 2084 σαίσσι
648 2027 747 2082 tiaram
765 2028 827 2080 ante
843 2021 1026 2080 immaculatae
1044 2025 1157 2098 uirginis
1173 2020 1219 2079 dci
1238 2041 1296 2079 ma·

201 2112 254 2168 tris
273 2111 414 2184 imaginem
434 2107 508 2168 turni
525 2111 640 2188 positam
661 2126 742 2166 marm
757 2127 807 2165 suo
828 2106 919 2166 tollens
936 2105 991 2182 ipse
1008 2111 1092 2184 capiti
1109 2127 1156 2164 sua
1175 2109 1294 2182 imponit

202 2194 357 2252 Cantacuz.
377 2193 458 2256 327.
484 2191 532 2250 ubi
553 2191 672 2250 observa
689 2207 795 2249 morem
807 2191 930 2269 ponendi
943 2189 1018 2250 humi
1032 2208 1181 2266 caronam,
1203 2197 1237 2248 ut
1251 2190 1294 2247 in-

200 2279 327 2336 sinuetur
343 2275 499 2353 humilitas,
520 2282 549 2334 et
568 2281 635 2334 ante
654 2275 802 2354 imap'nem
819 2276 847 2336 b.
862 2275 993 2354 rugium,
1016 2282 1050 2335 ut
1064 2277 1231 2336 ostendatur
1244 2275 1293 2333 im-

201 2362 338 2444 peratoris
352 2363 381 2418 in
395 2368 508 2420 sanctos
524 2361 621 2441 pietas.

285 2459 391 2518 Iterum
413 2468 563 2520 coronatus
584 2467 630 2520 est
652 2461 727 2520 idem
741 2462 956 2522 Cantacuzenus
980 2457 1179 2540 adrianopoli,
1206 2466 1293 2538 prout

202 2547 321 2626 ipsemet
337 2545 380 2604 his
395 2547 486 2622 verbis
500 2548 615 2625 exponit
629 2547 650 2608 3
664 2548 720 2610 92:
743 2550 799 2606 iam
817 2566 877 2606 aero
888 2547 994 2625 placuit
1007 2551 1087 2606 etiam
1107 2551 1293 2625 inperatoriam

202 2650 272 2690 marc
295 2633 413 2690 caranari
421 2677 429 2708 ‚
452 2632 660 2711 quandoquidem
678 2637 704 2690 et
719 2633 876 2711 patriarcha
891 2630 1125 2710 Hierosolymorum
1138 2637 1163 2690 et
1180 2633 1294 2708 episcopi

204 2715 346 2796 complures
370 2735 457 2776 coram
471 2717 596 2777 adessent.
639 2735 746 2796 cumque
761 2717 911 2776 mandasset
925 2716 1074 2795 artsficilus
1089 2722 1120 2775 ul
1136 2734 1255 2776 amoram
1269 2721 1294 2772 et

204 2801 269 2859 aliis
282 2807 314 2861 ut
333 2800 391 2860 alia
410 2801 446 2858 ad
461 2821 519 2860 eom
538 2803 711 2861 adeleitatem
727 2804 960 2880 munerandumque
973 2801 1168 2862 acemnmadata
1183 2801 1294 2878 confice-

205 2890 272 2958 rent,
283 2889 390 2964 paratis
405 2887 521 2944 omnibrcs
533 2907 552 2945 a
564 2885 674 2946 Isaram
681 2879 837 2962 patriarcha
847 2885 1096 2964 Hierosolymitana
1112 2883 1294 2958 rrnnseMaio,

207 2969 313 3046 pando
329 2969 496 3028 Constantini
507 2974 601 3048 magni
612 2977 639 3028 at
654 2969 772 3028 Helenae
785 2974 879 3028 matris
894 2975 965 3044 eius,
994 2971 1118 3048 apostolis
1139 2987 1295 3048 camparan-

206 3051 308 3128 daram,
328 3056 450 3110 mammio
464 3051 567 3128 editur,
581 3072 675 3112 carasca
689 3053 816 3114 induitur.
851 3060 957 3114 coronal
969 3062 1054 3114 autem
1068 3061 1094 3114 ot
1105 3056 1173 3134 epse,
1190 3058 1222 3112 ut
1241 3072 1295 3111 mor

207 3137 328 3212 terrebat,
351 3133 443 3216 Ιιαιφι
458 3142 592 3214 coniugem
604 3157 695 3208 snam‚·
716 3141 851 3217 omniaque
863 3139 948 3199 solitis
955 3141 1069 3215 rititm,
1089 3159 1167 3218 paam
1181 3142 1296 3196 maxiem

200 3222 268 3300 fieri
275 3222 377 3300 patuis,
394 3228 502 3298 pmocta
511 3229 581 3282 sunt.
607 3241 669 3282 mam
683 3229 708 3280 et
721 3230 848 3298 argentea
862 3231 941 3304 atque
950 3243 1031 3284 aurea
1043 3227 1203 3283 numismata
1215 3243 1295 3300 spor·

207 3305 353 3382 gelantur,
377 3308 498 3366 convicio
516 3308 715 3388 praetorumque
728 3311 897 3368 incitationes
911 3309 949 3368 ad
966 3309 1023 3368 diss
1037 3309 1164 3387 plurimos
1171 3306 1296 3386 fseptem-

206 3391 343 3449 tolantus.
386 3391 470 3450 tertio
491 3394 602 3452 demum
616 3399 764 3453 coronatus
777 3399 822 3452 est
836 3393 920 3475 Cpoli
935 3395 965 3452 in
982 3392 1142 3454 Blachernis
1163 3391 1295 3471 deiparae

205 3474 320 3552 virginm
342 3475 466 3555 templo,
487 3484 573 3556 prout
589 3479 650 3558 ipse
669 3479 731 3538 fuse
746 3479 861 3558 exponit
874 3479 894 3542 4
909 3477 937 3541 4.

288 3571 335 3632 Aa
362 3576 447 3634 finem
467 3576 549 3636 huius
571 3579 669 3656 capitis
693 3581 729 3638 de
750 3579 929 3657 coronatione
948 3575 1124 3656 imperatorio
1144 3573 1238 3652 accipe
1263 3591 1295 3630 ex

203 3654 289 3716 Petro
303 3657 441 3719 Damiano
456 3660 474 3720 l·
492 3668 506 3726 1
520 3683 564 3740 ep.
579 3665 617 3726 17
634 3664 708 3722 hunc
722 3681 827 3726 morem
840 3665 869 3721 in
883 3663 1061 3723 coronatione
1076 3658 1217 3720 observari
1230 3677 1295 3714 con-

203 3747 332 3819 suetum,
360 3762 444 3821 quem
463 3764 482 3804 a
502 3748 613 3808 Codino
630 3749 761 3808 omasum
773 3750 904 3826 mnarer,
925 3749 979 3807 nisi
989 3749 1087 3806 scirem
1099 3745 1125 3803 ei
1139 3762 1197 3803 noa
1210 3742 1296 3801 fuisse

204 3827 381 3907 propositum
413 3832 505 3890 omnia
534 3834 563 3891 in
588 3834 682 3893 literas
709 3835 820 3894 referre.
861 3835 902 3893 ita
927 3853 996 3912 ergo
1027 3831 1196 3890 Damianos:
1221 3827 1296 3906 apud

97 3927 191 3986 1¹25ss
208 3913 323 3974 &accos
342 3914 407 3972 laec
425 3920 508 3975 maai
523 3919 679 3978 consuetudo
688 3919 853 3998 perhibetur,
883 3925 914 3977 nt
939 3937 999 3978 cam
1022 3921 1162 3994 imperatas
1186 3915 1248 3992 quis
1269 3914 1297 3969 in

208 3997 341 4074 dignitate
351 4004 472 4074 creatam,
494 4019 555 4059 moa
567 4009 599 4060 ut
615 4005 795 4082 imperialibus
803 4005 892 4083 fuerit
907 4003 1004 4082 insuis's
1016 4001 1168 4073 redimitus,
1188 4015 1297 4055 cosona

208 4083 288 4142 simul
309 4103 342 4142 aa
360 4089 458 4162 sceptri
476 4085 565 4161 gloria
583 4087 735 4164 decoratus,
759 4107 817 4147 cum
832 4090 940 4166 deniqne
949 4083 1215 4166 pracerumaalloirrr
1228 4081 1298 4138 obse-

209 4170 296 4242 quiis,
316 4185 374 4226 cum
387 4173 519 4250 esa'pitur
532 4170 725 4230 modulantibus
734 4173 905 4251 psallentiam
916 4173 1019 4242 claris,
1038 4169 1147 4250 qnidam
1159 4168 1213 4232 adsi
1218 4184 1299 4244 Prae

208 4255 251 4312 da
266 4253 305 4329 fit
327 4253 437 4333 msa,
470 4251 519 4340 pai
539 4255 659 4318 videlicet
682 4277 737 4320 aaa
756 4277 837 4320 mann
856 4257 991 4320 corculum
1006 4255 1114 4337 plenum
1136 4256 1299 4314 mortum
