2822 4684
453 317 457 330 '
487 321 537 392 IN
560 263 708 392 conius
728 323 814 393 GAP.
834 324 895 392 IV.
918 377 921 383 .
1173 323 1248 402 241

148 487 257 574 pmiant
268 483 475 571 αοροφόοτεον
486 502 537 548 seu
557 481 769 572 εοροβόντιον.
790 504 876 568 quam
894 484 976 552 aene
995 487 1071 552 sum
1090 507 1125 553 ex
1138 493 1248 561 cubant

147 576 273 638 nascitur
284 574 411 635 turbanti
817 589 819 597 ’

215 741 244 796 p.
255 723 290 778 22
305 740 331 776 v.
350 721 393 780 14.
412 721 573 790 consuitis
585 722 716 795 explicant
731 721 833 794 quidem
844 721 943 778 erudito
953 720 1080 778 Meursius
1097 726 1126 778 at
1140 726 1247 796 pressim

148 791 204 848 eius
220 793 329 862 vestigia
344 797 449 846 secutus
467 793 623 858 Gretscrus,
651 801 679 846 at
701 791 868 846 munincide.
904 792 988 847 lumen
1005 807 1092 846 eurum
1108 793 1184 848 dictis
1199 795 1249 849 ad-

147 863 232 916 bibeo.
272 859 408 929 mortuiis
433 861 563 930 (scribunt
584 861 629 914 alii
653 857 823 930 φακεόλιον,
846 856 1022 930 paradisus,
1047 858 1198 930 porriitur
1221 870 1250 918 et

147 925 315 1054 paradisos)
337 930 423 1004 ῐεοοίε
446 936 488 984 est
516 937 543 984 et
579 931 652 984 nscio
676 929 777 998 longior
801 947 835 984 ex
855 930 1043 986 brumarium.
1076 931 1206 989 ruiana·
1221 931 1250 988 in

173 999 298 1054 ausiacisr
316 994 367 1051 οόα
383 993 494 1067 ὀθόνην
510 992 545 1068 to
564 1015 641 1068 ρεοεν
657 992 736 1060 ἐντός
751 998 917 1070 φαειαλόοο,
939 1001 1049 1062 tintcum
1066 1001 1131 1060 tostii
1146 1003 1263 1057 naulum*

146 1075 254 1140 practer
274 1069 384 1122 mantile
406 1067 553 1138 oblongius.
586 1069 646 1122 hino
670 1067 763 1124 stolam
787 1067 919 1124 candidam
938 1069 1005 1124 coilo
1022 1069 1181 1123 sacerdotum
1198 1071 1251 1124 cir-

149 1135 316 1208 cumpositam
333 1141 393 1190 eta
427 1143 514 1190 octone
549 1137 683 1190 audentem
700 1139 791 1207 (quam
807 1153 864 1192 cum
878 1137 964 1208 pileo,
982 1153 1030 1194 ceu
1046 1138 1163 1192 Batavus
1173 1139 1250 1196 theo-

147 1205 234 1276 logus,
253 1204 384 1258 contundit
429 1154 684 1294 eursiusfsipuificat
699 1205 766 1276 apud
777 1206 931 1274 Germanum
943 1205 1168 1276 inMystagogio(
1187 1225 1250 1261 rave

150 1274 216 1328 uixit
231 1273 298 1328 idem
313 1274 383 1328 Eist.
399 1273 534 1343 Eccies.)r
557 1293 590 1330 ro
613 1271 798 1344 snpapriiasir
821 1269 878 1329 ἐστι
900 1270 934 1329 τό
957 1272 1115 1344 amantior
1130 1225 1195 1344 pegi
1212 1264 1249 1330 οὖ

149 1338 299 1412 ἐπεφέρετο
319 1338 335 1396 ό
352 1339 471 1412 Χριστός
484 1338 541 1399 ὑπό
554 1343 611 1428 ruri
628 1339 775 1414 ἀρχιερέας
790 1337 937 1428 indanicos
957 1342 1006 1398 καὶ
1028 1339 1180 1428 συρόμενος
1203 1341 1249 1414 ἔμ-

148 1413 842 1537 sisinniiizzititbtffssiiii?
855 1413 1070 1535 {miii
1084 1423 1250 1550 stitit

148 1549 227 1620 capiti
245 1551 408 1620 impositam,
433 1552 457 1604 si
474 1552 507 1604 ab
523 1551 639 1605 interiori
655 1556 729 1622 parte
745 1551 971 1620 circumcingebat
995 1550 1127 1615 involvat,
1140 1551 1249 1609 ,Tusci-

148 1635 205 1672 cum
222 1619 317 1689 pileum
334 1620 415 1673 turbu
431 1619 464 1673 de
481 1621 560 1688 vulgo
577 1620 673 1674 dictum
689 1621 834 1702 componit3
851 1637 883 1673 ac
900 1624 1039 1690 propterea
1055 1625 1161 1688 rogatus
1178 1635 1249 1674 ama

147 1687 182 1742 de
196 1687 346 1758 phaceoiido
362 1689 483 1744 corasius
503 1689 620 1742 chiensis
635 1688 785 1758 rescripartr
802 1687 1026 1757 purentissimo
1042 1697 1082 1742 sat
1099 1690 1249 1746 stauilitum

145 1757 246 1828 pileum,
256 1758 377 1826 propris,
393 1759 516 1826 inpurum,
530 1756 800 1828 aspersoriumque,
816 1759 940 1812 Τοτοόοοο
950 1758 1113 1826 'passibilia
1131 1776 1184 1826 qua
1201 1777 1250 1812 αο-

147 1831 198 1896 put
215 1827 286 1879 uelut
301 1841 369 1878 sucu
385 1827 427 1880 vai
444 1826 550 1896 cingulo
567 1827 789 1894 circumcingitur.
823 1832 917 1894 argute
933 1825 1037 1880 miiitum
1060 1825 1165 1896 scripsit
1185 1843 1251 1896 pro·

148 1893 491 2018 tinnibunt?
501 1891 1250 2034 nnisibinis&„sistamini

150 2031 189 2084 cis
205 2031 247 2084 vol
265 2047 349 2100 panno
364 2033 499 2097 resoluto,
524 2032 606 2086 laevis
623 2039 651 2085 et
667 2000 812 2102 οιριοειῖε,
837 2031 883 2102 qui
897 2045 1020 2102 nusqtmsn
1037 2031 1174 2098 φακεωλίς
1196 2048 1245 2087 au-

149 2099 218 2165 dian
236 2099 349 2153 strictior
365 2106 393 2155 et
409 2101 488 2156 multo
505 2101 609 2156 brevior
623 2101 681 2168 hic,
700 2107 727 2153 at
743 2117 844 2170 semper
855 2101 882 2154 io
899 2103 983 2156 fasces
1000 2115 1056 2172 com
1073 2098 1150 2154 iicato
1167 2100 1248 2156 linteo

149 2174 229 2239 eaput
244 2169 363 2223 invoivit
397 2185 430 2224 ex
454 2186 506 2240 quo
528 2169 590 2224 illud
606 2169 734 2224 Achmetis
751 2187 775 2224 c.
791 2171 845 2224 226
860 2187 876 2223 a
892 2167 1006 2224 Meursio
1022 2173 1131 2222 r'atum
1147 2170 1185 2230 sic
1202 2187 1251 2224 ex·

149 2253 240 2310 pones.
274 2231 327 2293 ἐὰν
344 2237 392 2310 ἴδῃ
409 2257 451 2301 τις
467 2239 642 2307 massutior,
660 2234 770 2308 εὑρήσει
785 2233 894 2309 ἀξίωμα
910 2231 1093 2307 οτροιτηςεαόν
1109 2233 1249 2308 μέγιστον,

149 2302 296 2375 ἀναλόγως
311 2307 362 2360 rori
377 2309 428 2378 τῆς
442 2300 475 2362 ότι
490 2307 597 2376 μήκους
612 2305 770 2372 κυκλώσεως
791 2307 844 2362 τοῦ
869 2305 1037 2376 monastico.
1072 2307 1192 2366 maiorem
1208 2308 1249 2362 ni-

149 2373 256 2442 mirum,
278 2393 328 2445 quo
370 2394 398 2429 ro
423 2377 567 2447 quantitate
582 2377 684 2446 longius
701 2377 769 2432 circa
785 2384 865 2446 caput
881 2373 1018 2448 φαεεωλίς
1033 2374 1246 2438 circumducatur.

149 2444 233 2516 pileos
250 2449 277 2496 et
292 2395 424 2499 invoiucra
439 2445 561 2500 eiusmodi
577 2447 701 2518 capitibus
718 2461 839 2516 equorum
856 2463 873 2498 a
889 2444 1028 2500 victoribus
1051 2444 1177 2510 Francis,
1201 2462 1248 2499 ca·
1310 2506 1313 2512 ,

149 2520 198 2584 pta
220 2513 310 2583 cpoli,
332 2515 449 2584 imposita
471 2515 552 2568 deflet
572 2516 681 2568 Nicetas
704 2512 773 2568 circa
791 2516 886 2568 calcem
904 2514 1039 2568 bist'oriaes
1066 2507 1118 2574 τός
1145 2508 1248 2584 όγοιοὶς·

149 2578 317 2652 περιῄεσαν,
338 2583 386 2638 καὶ
408 2580 459 2645 τοὶς
481 2579 681 2646 όθονοοκεπεῖς
698 2583 893 2652 αεριαραοόοας
908 2581 1069 2650 καλύπτρας
1084 2585 1147 2643 ταῖς
1162 2583 1246 2651 τορό-

149 2667 219 2720 φαις
234 2651 290 2706 τόν
306 2645 455 2740 όχρμόταν
472 2649 679 2720 περιτιθέντες,
703 2653 752 2710 nori
773 2647 811 2724 τὰ
834 2645 908 2707 κατὰ
923 2648 1015 2708 νότον
1031 2647 1167 2771 repnsion
1184 2655 1246 2704 isu-

149 2715 249 2782 κόλινα
264 2725 327 2784 ταῖς
345 2722 468 2785 τππεόαις
484 2719 593 2791 γόνασιν
609 2715 703 2776 αὐτῶν
725 2715 916 2790 περιδέοντες,
938 2713 990 2774 όλλ
1032 2737 1068 2773 να
1104 2713 1174 2788 ἄλλη
1197 2719 1249 2787 τῆς

149 2783 255 2852 πόλεως
271 2783 463 2856 ἕξιππόζοντο.
499 2809 531 2844 cx
546 2809 613 2862 puro
633 2792 685 2845 lino
703 2807 753 2844 non
770 2790 851 2844 inimo
866 2739 1046 2911 pzhaceolisieQ
1063 2786 1109 2839 sed
1123 2804 1187 2871 auro
1205 2787 1248 2840 in-

149 2863 224 2914 texto
239 2859 349 2924 ditatas,
376 2860 482 2914 coniicic
498 2878 530 2913 cx
547 2860 660 2914 eiusdem
675 2860 726 2913 loci
741 2860 865 2914 lectione⁴
893 2857 1095 2913 raeccbarbaras
1122 2873 1159 2908 τοι
1181 2873 1247 2926 χρο-

150 2921 297 2995 οοόραντα
313 2926 457 2998 οεντόνια,
480 2927 592 3000 οόβανα
608 2927 657 2982 καὶ
673 2925 832 2998 apocrisin.
865 2923 1029 2996 προτόψιον
1053 2925 1158 2977 linteum
1183 2941 1249 2994 qna-

147 2996 250 3064 siratum
270 3005 309 3051 cst
323 3000 397 3052 ulnae
416 3015 471 3052 cum
488 2999 570 3053 media
586 2998 768 3066 longitudinis,
787 3014 803 3050 a
821 2996 967 3050 mulieribus
983 2995 1078 3047 luctum
1096 2993 1249 3048 ducentibus

151 3067 231 3136 capiti
247 3067 402 3137 impositum,
417 3075 480 3122 tuno
495 3075 641 3124 senatorum
658 3067 768 3122 humeris
782 3066 950 3138 praecipuum
965 3069 1148 3118 oruamentum.

137 3241 140 3248 ·
236 3207 271 3265 ab.
285 3225 311 3265 v.
326 3209 373 3274 16.
406 3203 700 3291 οἷπρατοαοηκρῆτις]
736 3207 867 3267 scribitur
903 3206 989 3266 ctiam
1014 3197 1252 3286 προτοαοηκρή-

151 3310 220 3368 της,
242 3287 508 3372 πρωτοοηκρήτης,
526 3301 556 3353 et
568 3301 648 3354 extra
664 3294 892 3372 compositionem
906 3283 1093 3371 όσηκρήτης,
1115 3281 1252 3369 innupsi-

152 3396 208 3447 τις.
236 3393 338 3435 nomen
356 3395 390 3436 ex
407 3375 492 3438 Latio
515 3380 545 3438 iu
566 3379 712 3440 Graeciam
734 3378 918 3454 translatum,
938 3374 1084 3452 dignitatis
1106 3373 1252 3450 palatinae

151 3459 252 3538 index,
278 3467 308 3519 ct
331 3463 442 3537 quidem
467 3464 556 3524 multo
574 3464 686 3524 maioris
708 3481 792 3540 quam
810 3461 915 3522 habeat
934 3461 957 3518 is
974 3477 1057 3536 quem
1070 3477 1123 3518 nos
1135 3464 1250 3538 primum

152 3549 319 3606 secretarium
336 3566 387 3606 seu
399 3549 519 3627 primum
532 3570 550 3610 a
562 3549 675 3610 secretis
689 3549 871 3608 nominamus.
892 3551 937 3606 est
950 3547 1024 3604 enim
1036 3544 1089 3604 istc
1099 3541 1205 3622 primus
1219 3545 1248 3602 in

151 3637 261 3691 secreto
282 3651 333 3690 seu
351 3638 452 3693 senatu
475 3633 627 3716 (σεάρετον
642 3633 747 3708 Ι(ἳιεοοοὶ
769 3632 941 3711 appellant),
961 3635 1021 3690 tam
1039 3636 1073 3688 ut
1094 3629 1186 3688 locum
1200 3628 1249 3687 ubi

151 3721 268 3775 senatus
288 3719 412 3798 cogitur,
433 3737 518 3796 qnam
538 3727 572 3779 ut
594 3721 689 3800 ipsum
713 3724 823 3778 coctum
842 3735 893 3775 seu
916 3716 1062 3776 concilium
1087 3722 1248 3776 senatorum

150 3797 299 3878 siguificat.
320 3810 350 3862 et
366 3807 528 3887 οεκρετικοί
539 3812 607 3867 suut
616 3809 785 3864 secretorum
795 3802 930 3880 ministri,
951 3803 1000 3879 qui
1013 3805 1177 3876 secamus,
1195 3800 1249 3858 hoc
1265 3803 1288 3858 P
1305 3803 1357 3860 201

151 3893 198 3946 cst
219 3890 412 3968 senatoribus,
429 3910 448 3949 a
468 3910 554 3951 manu
574 3897 668 3964 crant3
689 3889 801 3950 tametsi
824 3889 988 3948 secretarios
1010 3887 1125 3947 Graecis
1153 3885 1250 3944 itidem

141 3973 263 4051 ·saepius
278 3981 323 4032 est
337 3995 420 4052 quem
433 3974 528 4036 Latini
540 3977 595 4038 boo
611 3977 723 4037 nomine
736 3976 889 4052 denotant,
908 3992 1010 4054 nempe
1024 3971 1132 4048 scriba,
1152 3975 1249 4030 actua·

153 4058 219 4116 rins.
243 4058 346 4138 Evagr.
369 4063 387 4120 Ι.
401 4065 438 4124 2:
460 4056 575 4143 όνόγνω
591 4067 819 4134 Κανσταντῖνος
844 4053 1031 4141 σεκρετόρεος
1056 4051 1117 4118 όπό
1137 4053 1250 4134 χὲὃους·
1307 4097 1330 4141 ·.

152 4142 222 4201 iilud
238 4145 433 4207 observatione
452 4148 569 4226 dignum
589 4154 649 4227 cst,
670 4145 789 4208 Latinos
811 4145 983 4206 Graecorum
1004 4140 1159 4200 imitatione
1182 4139 1249 4196 scri-

151 4227 243 4307 psisse
256 4236 286 4290 et
309 4251 461 4312 usurpasse
475 4234 602 4294 voculam
614 4239 745 4308 morato,
765 4237 799 4291 ut
818 4232 913 4299 videre
932 4233 976 4288 est
995 4227 1014 4286 l.
1035 4225 1056 4288 4
1075 4245 1099 4283 c.
1126 4225 1166 4286 19
1189 4224 1249 4281 eius

151 4314 246 4396 operis
259 4321 337 4394 quod
361 4320 464 4380 Carolo
483 4319 591 4400 Magno
611 4335 759 4403 perperam
779 4315 954 4389 attributum
980 4311 1028 4372 ubi
1050 4313 1094 4369 est
1113 4305 1249 4372 Leontius

194 4409 286 4466 coras
308 4411 460 4488 cunradus.
481 4413 515 4472 όο
536 4413 611 4486 Offio.
745 4399 772 4408 ”
971 4409 974 4415 ’
1004 4397 1044 4462 16
