2798 4690
498 269 546 340 m
565 219 714 340 conum
745 273 832 340 cnr.
852 271 910 341 vr.
1181 273 1256 346 oro

161 435 366 498 acclamationis
379 438 470 496 sactae
485 443 618 498 asenatu
631 437 671 498 M.
689 436 835 496 Antonino
848 443 1045 498 commemorat
1066 437 1209 498 Vulcatius
1228 442 1256 499 in

161 523 263 582 Avidio
275 522 390 582 cneio:
409 524 540 582 moruus
560 523 625 598 Pie,
645 524 688 582 dii
703 531 729 582 te
748 530 858 583 surrent.
878 527 1009 584 Antonine
1029 526 1151 596 clemens,
1174 526 1216 584 dii
1231 534 1257 584 te

160 611 270 670 seruent.
287 613 319 666 tu
327 607 438 666 numeri
449 608 518 686 quod
530 608 642 668 licebat:
655 607 823 686 nos-facinus
837 610 906 686 quod
919 611 1033 668 decebat.
1056 609 1190 668 Commodo
1203 614 1254 668 im-

155 699 259 774 perium
272 697 373 754 iustum
393 711 534 770 rogamus,
552 696 703 772 progeniem
720 699 795 752 tuam
817 695 919 753 robora
936 695 989 773 sac
1005 700 1091 754 securi
1109 699 1162 752 sint
1180 696 1256 754 lihesi

159 784 219 848 tuis
239 778 332 838 honum
348 781 484 854 imperium
500 779 578 836 nulia
598 783 641 837 m’s
659 778 750 837 laedit.
780 778 917 838 Commodo
936 780 1067 837 miramo
1085 780 1254 839 tribuniciam

155 869 310 944 potestatem
329 881 470 938 rogamur3
498 867 674 939 praeradians
703 869 778 921 tuam
806 883 946 939 rogamus,
975 865 1164 942 philosophiae·
1182 873 1254 938 tuae,

155 951 303 1030 patientiae
320 952 397 1019 tuae,
420 947 556 1006 doctrinae
571 954 649 1021 tuae,
667 949 804 1006 nohilitati
816 955 895 1022 tuoe,
915 952 1077 1008 innocentiae
1097 955 1178 1008 tuoe..
1192 954 1253 1008 rin-

159 1041 198 1096 or's
211 1036 349 1100 inimicos,
368 1031 452 1090 hostes
465 1051 624 1109 temperas:
644 1033 686 1092 dii
698 1041 724 1092 te
737 1038 853 1092 tumtur.

242 1116 399 1196 synodicae
418 1115 621 1175 acclamationis
640 1137 676 1176 en
700 1118 751 1178 tibi
766 1117 966 1196 exemplumex
981 1117 1166 1174 Oecumenica
1185 1135 1253 1192 syn·
1361 1167 1364 1174 .

159 1206 216 1263 oda
233 1201 468 1278 Chalcedonensi,
489 1201 553 1260 hcc
574 1207 611 1280 7,
633 1203 680 1260 ubi
692 1203 837 1262 Marciano
858 1203 1018 1280 imperatori
1041 1208 1071 1258 et
1091 1200 1252 1259 Pulcheriae

158 1287 325 1368 imperatrici
338 1285 492 1348 acclamant
505 1294 608 1364 patres.
629 1287 773 1346 Marciano
786 1309 852 1347 nouo
865 1290 1053 1361 Constantino,
1073 1306 1138 1344 novo
1153 1287 1251 1358 Paulo,

158 1394 222 1434 nouo
232 1371 430 1431 Daoidmuttas
442 1392 532 1431 annas.
554 1392 598 1430 uos
608 1376 735 1450 eetispur
745 1374 830 1445 ochis,
847 1377 892 1450 pie
906 1372 1013 1432 dunine.
1036 1371 1155 1430 dominus
1168 1376 1252 1430 attam

59 1467 61 1470 ’
158 1461 331 1519 eicoruerrct.
351 1475 397 1515 ros
401 1457 474 1535 fides
486 1463 587 1516 nostra.
609 1456 747 1533 Christus,
768 1477 842 1536 quun
859 1459 985 1529 honoras,
1005 1460 1060 1534 ipse
1073 1462 1098 1514 te
1116 1457 1251 1516 custodiet.
1317 1531 1320 1537 Ι

158 1543 329 1604 orthodoxam
339 1541 423 1620 fldem
438 1547 468 1600 tu
484 1543 620 1604 roborasti.
633 1542 714 1600 'sicut
735 1542 894 1620 Apostotiee',
915 1547 958 1601 ita
974 1543 1090 1600 medrus.
1112 1541 1252 1616 Augustae

157 1629 254 1688 mulm
275 1646 365 1685 aanor.
391 1644 438 1684 ros
456 1626 559 1685 lumina
583 1627 742 1685 orthodoxae
755 1627 835 1703 fidei·
862 1632 967 1704 propter
991 1627 1055 1685 haec
1081 1627 1175 1702 ubique
1192 1643 1252 1702 pan

158 1720 208 1774 cst.
236 1712 337 1770 lumina
360 1713 455 1788 pacis,
476 1711 594 1782 domiue,
614 1716 645 1768 tu
662 1710 775 1769 custodi.
794 1711 938 1770 luminaria
958 1711 1062 1783 mundi,
1082 1710 1199 1780 domine,
1222 1717 1252 1768 tu
1339 1741 1341 1746 ,

158 1797 270 1856 custodi.
289 1800 418 1872 perpetua
435 1800 557 1855 memoria
575 1813 642 1856 nouo
663 1795 844 1855 Concanum.
866 1813 933 1872 picae
948 1814 981 1854 ex
997 1813 1089 1870 genere
1108 1793 1252 1853 orthodoxa

159 1890 214 1957 est,
233 1881 296 1939 deus
309 1898 366 1938 earn
379 1878 520 1943 custodiat.
541 1879 671 1938 custodem
677 1879 748 1958 fidei
758 1880 821 1939 dors
837 1880 978 1938 custodiat.
1000 1898 1057 1938 earn
1073 1897 1139 1955 quae
1155 1897 1251 1956 semper

156 1971 205 2048 pia
225 1971 263 2025 est
285 1962 350 2023 deus
372 1965 515 2025 custodiat.
535 1968 603 2043 pia,
626 1965 785 2036 orthodoxa,
806 1985 873 2042 quae
893 1967 1026 2024 contrariu
1046 1970 1085 2022 est
1103 1963 1252 2037 haereticis,

160 2051 225 2112 deus
238 2068 295 2109 earn
310 2049 451 2108 custodiat.
473 2051 708 2108 onrnerhaereticos
719 2055 751 2112 ,tu
762 2050 885 2128 fugasti.
906 2047 1056 2108 Nestorium
1071 2053 1096 2105 et
1114 2048 1253 2126 Eutychen

159 2143 190 2196 tu
208 2140 345 2214 persecuta
360 2153 395 2192 es.
427 2135 497 2194 adsit
515 2135 622 2193 inuidia
643 2155 663 2194 a
681 2141 768 2194 aestro
783 2137 898 2212 irnperio.
913 2135 1009 2212 fideles
1029 2137 1197 2210 imperatores
1214 2136 1253 2190 sic

159 2223 325 2282 honorantur.
353 2218 417 2278 deus
433 2219 566 2280 mstodsat
581 2225 735 2297 potestatem
753 2225 883 2290 oestron,
901 2219 964 2278 deus
976 2220 1101 2297 pacificet
1118 2221 1253 2294 inperium

147 2313 282 2388 ¹suestram.
318 2303 482 2365 Marcianus
510 2323 592 2364 nouus
616 2304 820 2374 Constantinus,
857 2303 1000 2364 Pulcheriu
1034 2323 1102 2362 noca
1131 2303 1249 2364 Helena.-
1266 2315 1288 2370 p
1306 2317 1359 2372 217

159 2391 244 2452 selam
259 2388 380 2448 Helenae
402 2395 434 2448 tu
448 2392 567 2450 sectaris.
596 2396 685 2450 ocrtra
704 2393 763 2450 uita
775 2393 903 2450 munium
919 2395 1070 2449 cunctcmm
1085 2393 1140 2447 est:
1162 2393 1252 2448 uestra

151 2477 223 2559 sides
232 2475 399 2536 ecclosias-um
407 2473 497 2550 gloria
513 2482 560 2534 est.
903 2517 906 2522 -

241 2560 382 2618 similibus
403 2561 624 2639 epiphonematis
643 2567 777 2639 personat
797 2566 858 2619 tota
876 2562 1002 2636 synodus
1026 2559 1176 2637 Cpolitena
1197 2559 1251 2617 sub

100 2720 104 2728 „
158 2647 244 2706 Mena
268 2645 480 2724 patriarchani
505 2646 660 2705 Iustiniana
685 2646 860 2722 imperatore.
883 2647 950 2720 quin
971 2650 1001 2703 et
1024 2646 1052 2702 in
1072 2644 1265 2717 electionibus¹

157 2751 225 2792 usus
238 2736 301 2793 erat
316 2725 538 2809 lncdonpdmw.
559 2732 589 2788 in
610 2730 689 2791 Actis
710 2732 892 2792 ordinationis
909 2730 1020 2805 Euan,
1054 2749 1117 2786 cum
1136 2729 1212 2802 illum
1230 2729 1252 2786 S

158 2815 333 2894 ,hugustinus
345 2816 401 2876 ism
415 2833 501 2876 senex
513 2817 590 2895 apud
604 2815 706 2874 elerum
717 2822 747 2875 et
756 2816 890 2894 populum
903 2834 1089 2874 successorem
1099 2814 1152 2872 sibi
1172 2814 1253 2889 dixit,

157 2909 224 2982 post
242 2903 298 2960 istc
313 2899 465 2978 Augustini
479 2903 565 2961 verba
575 2902 753 2980 meshpterum
770 2901 905 2960 Erudiam
923 2901 989 2958 mihi
1004 2918 1170 2959 successorem
1184 2899 1252 2971 volo,

157 2993 313 3064 sequuntru
325 2988 393 3044 ista:
415 3006 433 3044 a
441 2989 539 3066 populo
554 2987 731 3046 acclamatum
746 2993 799 3055 ert,
821 2981 1002 3060 deogratias,
1026 2985 1128 3042 Christo
1141 2983 1250 3051 laudus

159 3074 265 3130 dictrrm
286 3076 331 3130 est
349 3071 433 3130 vicies
447 3076 499 3131 ter.
525 3071 627 3132 mnudi
654 3071 773 3145 Christe,
799 3071 950 3146 Augustino
979 3073 1049 3128 urta:
1076 3070 1181 3128 dictum
1206 3073 1251 3126 est
1305 3077 1311 3092 ·

159 3157 248 3216 sexies
272 3155 382 3216 demes:
400 3161 426 3214 te
451 3161 570 3234 patrem,
596 3163 622 3215 te
650 3160 804 3234 episcopum.
832 3157 936 3213 dictum
957 3161 1002 3212 est
1020 3155 1113 3212 octies.
1138 3171 1251 3231 cumque

159 3245 325 3318 reticeretur,
356 3240 525 3315 Augustinus
547 3245 682 3318 episcopus
708 3242 796 3317 dixit,
822 3259 875 3299 non
903 3261 967 3317 opus
993 3246 1031 3298 est
1048 3245 1095 3298 etc.
1123 3258 1203 3296 mox:
1230 3257 1251 3295 a

159 3328 273 3388 amomis
296 3324 436 3396 ecclesiae,
461 3328 531 3385 sicut
563 3327 687 3394 cernitis,
712 3329 879 3402 coapiantur
906 3343 973 3402 puae
1000 3324 1127 3394 diurnam,
1151 3325 1251 3400 excipi-

160 3419 243 3474 untur
268 3428 337 3489 quae
361 3409 469 3480 dicrum
495 3415 521 3468 et
547 3427 618 3468 meru
645 3427 726 3467 sarno
753 3417 778 3466 et
805 3416 906 3467 cestrae
925 3407 1125 3468 acclamationes
1147 3411 1176 3466 in
1198 3413 1250 3466 ter-

158 3515 217 3558 ram
247 3515 299 3555 non
322 3493 430 3554 cadunt.
464 3497 582 3574 apertiore
602 3497 634 3552 ut
655 3493 757 3568 dicam
785 3495 961 3553 scoteriartica
987 3513 1055 3552 nunc
1080 3500 1156 3567 gesta
1185 3513 1250 3550 con-

152 3585 270 3662 ficimur.
304 3583 343 3640 sic
363 3582 431 3640 enim
451 3579 500 3638 hoc
518 3600 572 3638 esse
597 3583 724 3657 mantum
744 3577 781 3638 ad
806 3579 920 3638 homines
946 3580 1123 3656 confirmatum
1140 3578 1208 3636 coto.
1230 3597 1250 3636 a

156 3667 253 3749 populo
267 3665 445 3726 acclamatum
465 3669 503 3723 ert
524 3666 648 3741 trigesies
665 3665 764 3735 serim,
795 3662 842 3720 deo
867 3665 990 3738 gratiae,
1019 3664 1122 3720 Chrr'oto
1146 3663 1247 3722 laudes.

159 3753 260 3812 mandi
274 3751 389 3810 Christe:
411 3751 561 3828 Augustino
580 3751 655 3808 cita:
674 3749 780 3809 dictrrm
798 3753 843 3806 est
860 3747 1002 3806 tredecies.
1026 3755 1055 3804 et
1078 3747 1131 3806 sub
1151 3747 1248 3806 ineam

160 3839 202 3898 hic
214 3838 281 3898 mihi
293 3840 453 3915 responsione
464 3841 553 3896 uestra
562 3854 625 3914 opus
638 3841 684 3894 ert.
702 3840 802 3894 teneam
815 3837 999 3911 rerpcrnionem
1016 3840 1138 3892 cestram.
1153 3833 1185 3888 de
1200 3832 1250 3888 hac

160 3925 301 3984 assertione
310 3922 414 4000 aliquid
428 3921 583 3981 acclamate.
626 3940 644 3978 a
655 3919 754 3997 pupulo
770 3919 956 3990 acclamatum,
970 3920 1033 3996 fiat,
1049 3919 1122 3996 fiat:
1143 3916 1249 3972 (lictum

159 4008 242 4066 vicies
253 4005 409 4082 quinquies.
449 4006 562 4081 dignum
582 4011 631 4078 est,
651 4007 752 4062 iustum
774 4010 822 4079 eet,
843 4004 948 4062 <lictum
964 4003 1046 4060 vicies
1065 4001 1159 4058 octies.
1181 4003 1248 4076 fiat,

152 4096 225 4170 jiat:
244 4091 351 4150 dictum
368 4095 468 4165 qnater
489 4091 589 4149 decies
631 4089 693 4147 otim
709 4089 826 4165 dignas,
849 4091 910 4148 olhn
931 4092 1053 4146 mentm.-
1082 4086 1187 4142 dictum
1208 4083 1249 4140 vi-

160 4176 215 4234 cies
239 4176 394 4251 quinquies.
435 4176 537 4236 iudicio
551 4182 597 4234 tuo
613 4178 720 4251 gratias
735 4179 856 4249 omnmo:
888 4173 992 4232 dictum
1018 4170 1160 4228 tredecies.
1202 4187 1249 4224 erc-

159 4261 228 4320 oudi
256 4261 373 4340 Christe,
402 4260 535 4324 Erudium
564 4277 698 4336 censura:
729 4260 834 4322 dictum
859 4258 945 4318 octies
972 4255 1070 4316 decies.
1114 4254 1190 4312 vides
1207 4253 1252 4310 hic
