2822 4684
489 297 535 366 ni
561 263 710 366 comui
736 262 830 366 ciiiv
843 295 890 364 v.
1170 295 1245 367 aar

147 462 416 550 perenniora,
434 461 561 542 praedae.
579 466 609 521 et
625 460 699 522 inira
717 480 742 521 c.
765 461 805 525 16
826 459 928 520 dicitur
951 451 1014 523 clird
1035 461 1092 523 rori
1111 453 1247 542 ιιοιίρσοιι

147 553 210 614 dari
224 569 290 632 pare
306 549 404 626 quinta
416 547 592 626 imperatori:
612 547 708 624 inepte
721 544 818 605 Iunius
831 565 865 606 ec
880 565 975 620 curru,
994 550 1073 606 verte
1093 565 1127 606 ee·
1147 547 1247 626 rpotii'r.

148 638 248 714 quinta
258 654 324 714 pars
337 634 413 694 cedit
425 632 580 692 rationibus
592 649 644 692 seu
657 631 764 691 aerario
780 630 871 711 regis,
891 631 1105 712 umupoipln3
1123 651 1176 711 pro
1189 650 1248 710 quo

148 723 238 784 codex
251 721 320 780 vitio
336 718 440 779 librarii
453 718 662 798 πανταμοιμία.
687 717 753 776 vide
770 714 877 794 Rigalt
899 717 929 776 in
950 716 1054 776 Gloss..
1075 736 1103 777 v.
1123 711 1248 798 κούρση,

148 808 198 868 ubi
212 807 320 866 Iunium
334 803 514 884 reprehendit
527 803 604 878 quod
620 796 680 864 cliro*
691 805 752 864 rodii
766 800 1012 883 κονρσενομένων
1022 821 1051 879 p.
1067 801 1107 868 59
1116 821 1139 860 c.
1153 801 1172 865 6
1185 819 1249 862 ver-

149 894 187 952 tit
198 914 217 952 α
231 891 395 964 cursoribus,
416 889 482 966 quia
492 887 656 946 vertendum
667 891 730 948 erat
742 906 776 946 cc
787 888 888 966 ipoli'e‘r,
902 907 936 946 esc
945 889 1057 965 pinedo.
1077 885 1144 946 hinc
1157 909 1249 965 πονρ-

149 972 269 1048 σειίειν,
290 980 322 1036 et
343 973 426 1034 utin
451 973 656 1052 Turcograecia
674 967 859 1054 noupoeu'ooii
877 973 1021 1051 praeduri,
1046 973 1187 1050 populari,
1207 973 1250 1032 sie

149 1082 180 1144 p.
201 1063 242 1127 57
261 1055 413 1140 δεφίνσοιρ
431 1061 492 1120 τοῖν
508 1053 736 1144 πονρσενόντοιν
754 1057 857 1117 rectius
878 1059 1006 1118 redditur
1025 1057 1143 1136 defensor
1159 1076 1248 1120 ιοιανι

150 1150 200 1227 qui
213 1152 290 1206 cetra
304 1144 416 1204 ordonna
429 1145 457 1202 ιἰι
473 1143 558 1202 liciter
573 1143 750 1224 procurrendo
762 1143 829 1204 dunt
843 1147 968 1221 impetum
985 1147 1011 1200 et
1028 1149 1090 1202 anic
1107 1161 1191 1201 omne:
1204 1141 1249 1202 di.

150 1235 259 1293 micant.
278 1247 404 1290 cursores
423 1226 499 1288 enim
518 1247 569 1288 seu
584 1221 798 1308 πονρσετίοντες
817 1234 887 1288 eunt
909 1221 1060 1308 πρόμαχοι
1078 1225 1111 1290 σί
1124 1225 1249 1310 προτρέ-

149 1337 253 1398 χοντες
265 1318 319 1394 τῆς
332 1307 522 1395 παρατάξεως
536 1311 569 1376 ἒν
582 1316 620 1398 τῇ
638 1315 776 1398 συμβολῇ
790 1315 847 1378 τοῦ
860 1311 992 1390 πολέμου
1011 1310 1062 1373 καλ
1083 1317 1147 1384 τοῖς
1168 1308 1248 1388 φεύ-

149 1418 256 1484 μονσιν
274 1399 393 1480 ἐχθροῖς
407 1393 498 1474 ὀξέως
514 1395 730 1477 ἐπιτιθέμενοι,
752 1403 785 1456 ut
799 1398 839 1456 ait
855 1399 885 1458 in
903 1398 961 1456 suis
977 1395 1100 1456 Tacticia
1113 1394 1174 1455 Leo
1194 1398 1247 1478 ini-

148 1495 270 1566 perator.
291 1486 358 1544 item
371 1500 498 1544 cursores
507 1489 576 1544 sunt
586 1481 715 1562 ίνεὸροι,
735 1488 769 1542 ut
782 1483 856 1541 idem
869 1483 1132 1561 imperatordocet3
1153 1483 1247 1559 doque

149 1572 193 1632 his
202 1571 326 1647 loquitur
339 1568 527 1648 Curopalata,
547 1587 606 1628 non
619 1575 714 1628 autern
727 1569 763 1626 de
777 1568 951 1645 cursoribus,
972 1586 1044 1644 qnos
1061 1567 1161 1626 Graeci
1177 1569 1248 1646 ‹lpo-

148 1662 230 1738 μεῖς,
251 1654 348 1716 Latini
360 1655 473 1734 proprie
487 1673 602 1712 cursores
623 1653 778 1713 nominant
798 1653 883 1712 etiam
897 1651 1006 1711 Latinis
1022 1653 1130 1712 mediae
1145 1652 1247 1712 aetatis

148 1745 266 1802 σατιοτίι·
282 1745 352 1799 sunt
372 1740 530 1818 praedones
551 1743 582 1799 et
602 1738 726 1818 piratae,
747 1738 796 1817 qui
817 1743 907 1798 terrae
926 1743 956 1798 et
974 1738 1062 1799 maria
1078 1737 1247 1817 praedarum

148 1827 242 1906 gratia
255 1829 431 1903 percurrunt
935 1829 937 1834 “

142 1975 147 1986 .
235 1907 281 1970 De
294 1907 486 1987 pentamoeria
498 1906 658 1986 imperatori
668 1925 703 1967 er
717 1905 815 1987 spoliis
827 1907 922 1968 danda
935 1905 1049 1984 elegans
1062 1909 1156 1967 exstat
1169 1904 1248 1964 locue

148 1995 181 2054 in
203 1993 320 2053 historia
341 1992 454 2052 Ioannis
473 1993 676 2052 Cantacuzeni:
702 2012 767 2052 nam
790 2013 854 2052 cum
879 1993 1007 2053 debello
1027 1992 1063 2052 ab
1087 1991 1249 2050 Andronico

149 2082 318 2158 imperatore
340 2079 474 2138 adversus
497 2075 623 2136 Albanos
647 2085 728 2155 gesto
749 2079 916 2157 partitisque
936 2080 998 2138 sine
1015 2095 1131 2137 numero
1151 2075 1248 2156 spoliis

149 2167 229 2244 agit,
248 2165 289 2224 sic
302 2169 413 2243 praeter
429 2168 540 2224 caetera
556 2163 660 2224 scribit
678 2161 770 2236 ἔθους
783 2160 816 2226 dl
831 2159 920 2240 ὄντος
934 2159 1080 2245 πρότερον
1101 2163 1141 2241 rof
1160 2179 1250 2243 στρα-

149 2245 220 2327 τιοῖ,
241 2241 364 2312 lacatii
377 2271 460 2322 τινος
480 2243 650 2329 κρατήσωσι
669 2242 787 2326 λείαςῆ
806 2249 944 2323 πλείονος
963 2244 1175 2330 ἢλλαττονος,
1193 2242 1250 2326 τήν

149 2311 288 2416 πίμπτην
310 2339 420 2415 μοῖραν
439 2331 577 2412 παρέχειν
599 2327 749 2414 ἀριστεῖον
767 2335 898 2414 βασιλεῖ,
918 2333 971 2396 καλ
993 2327 1053 2415 μετ’
1071 2332 1187 2397 ἐκεῖνον
1207 2333 1252 2416 τῷ

152 2415 270 2506 μεγάλοι
283 2419 446 2503 δομεστίκῳ
462 2417 533 2497 lonii
546 2411 596 2480 οία
609 2415 649 2499 δή
668 2421 724 2499 τῆς
745 2413 904 2524 συμπάσης
920 2417 1079 2503 ἡγουμένῳ
1102 2420 1250 2497 στρατιᾶς,

150 2500 218 2569 τότε
235 2497 326 2569 οὐδὲν
342 2503 469 2568 ἐποίουν
482 2506 544 2565 τοῖν
560 2499 731 2579 εἰωθότων,
753 2503 824 2568 ονιίὲ
837 2527 882 2578 τις
898 2499 1026 2585 ἠνώχλει
1047 2497 1158 2576 αιίτοιίς
1179 2501 1251 2581 περὶ

151 2595 207 2669 τῆς
220 2588 356 2670 πέμπτης
379 2589 504 2670 μοίρας,
525 2580 590 2650 ἄλλ’
607 2583 706 2671 οἵσπερ
725 2587 757 2664 ἐξ
774 2582 912 2652 οἷεννοῖοιν
934 2594 1077 2663 ποταμοῖν
1091 2587 1162 2666 ἐξῆν
1178 2581 1251 2650 ἔνιοί-

153 2695 231 2764 στῳ,
247 2671 327 2738 ὅσον
341 2667 549 2756 ίνβοιίλοιτο,
570 2667 676 2756 τιν’ριος
693 2671 847 2758 γενέσθαι.
884 2674 954 2736 haec
968 2676 1190 2736 Canticuzenue.
1263 2679 1356 2740 Ptol

236 2805 273 2865 ib.
295 2821 322 2862 v.
350 2803 399 2866 17.
428 2801 497 2861 dicit
524 2799 651 2860 Codinus
681 2805 916 2880 protostratorem
945 2821 980 2862 eir
1009 2802 1115 2881 praeda
1148 2816 1249 2880 capere

151 2881 252 2950 πάντα
272 2883 310 2950 τοί
329 2887 466 2965 ποικίλα,
494 2904 566 2962 quae
584 2885 741 2965 appellatur
762 2887 895 2964 φντίλια.
922 2906 994 2964 quae
1012 2889 1050 2946 sit
1064 2889 1136 2946 ratio
1164 2885 1247 2944 huius

151 2975 286 3050 nominis,
306 2973 470 3032 nondiima
495 2972 561 3030 viris
584 2973 673 3031 doctis
694 2971 861 3050 explicatum
880 2979 939 3033 est:
964 2993 1028 3034 nam
1052 2975 1130 3049 quod
1149 2971 1246 3032 Iunius

148 3059 249 3137 sutilia
261 3058 364 3134 vertit,
384 3058 414 3115 id
430 3077 582 3136 paucorum
597 3057 802 3136 approbatione
822 3057 896 3118 serit.
916 3064 985 3118 sunt
1005 3058 1054 3136 qui
1070 3059 1248 3139 suspicentur

151 3143 301 3220 legendiun
315 3137 447 3222 βιταλια,
468 3142 522 3202 hoc
534 3147 580 3200 est
593 3143 732 3202 νιίιααίία

222 3257 287 3311 illd.
313 3273 376 3310 vere
392 3255 489 3324 sutilia
512 3259 572 3308 aunt
594 3259 622 3308 et
648 3256 781 3324 pueriliter
803 3275 820 3312 a
843 3259 992 3329 quibuidam
1011 3257 1111 3326 ingesta
1129 3257 1197 3312 circa
1216 3251 1250 3312 τό

153 3325 297 3394 mirilico,
315 3324 383 3392 quod
402 3323 511 3377 Graecia
525 3323 724 3391 recentioribus,
741 3325 809 3380 aient
825 3335 852 3382 et
862 3329 955 3381 Turris
966 3321 998 3381 cd
1010 3327 1074 3390 litii,
1092 3327 1160 3396 quod
1171 3326 1251 3397 primo

152 3397 237 3450 refert
256 3395 426 3462 ellychnium,
453 3391 544 3446 deinde
557 3397 650 3460 funem
666 3395 794 3464 pyritem,
821 3414 870 3466 quo
889 3396 981 3450 militer
1008 3395 1141 3449 tormentis
1160 3397 1252 3480 explo-

153 3464 242 3518 dendii
261 3463 355 3515 diutine
373 3468 479 3515 cervant
495 3461 595 3530 ignem,
620 3464 708 3516 mecha
728 3461 753 3514 d’
774 3467 935 3534 arpuetucc,
965 3464 1050 3516 ultimo
1081 3466 1252 3518 vulnerarium

152 3533 299 3603 peniculum
317 3548 333 3584 a
351 3531 475 3598 chirurgia
490 3531 523 3583 ad
542 3531 648 3584 vulnera
662 3531 803 3613 probanda.
837 3533 975 3604 spoliorum
984 3533 1070 3602 itaque
1080 3541 1177 3604 partem
1189 3552 1252 3617 pro·

153 3601 285 3656 tortratori
303 3599 457 3668 assignatam
474 3599 604 3656 vocabant
619 3599 711 3658 militer
729 3600 857 3670 φατίλια,
875 3601 947 3672 qnasi
958 3601 990 3654 ad
1010 3602 1076 3655 linea
1087 3604 1128 3656 vel
1140 3611 1251 3674 pyritem

153 3669 324 3740 comparanda
341 3667 400 3722 leve
419 3667 603 3723 adminiculum.
637 3668 675 3722 sic
692 3668 833 3723 officiorum
850 3670 964 3742 praemia
983 3671 1079 3724 Graeci
1094 3672 1169 3726 iidem
1180 3689 1250 3740 μαν-

121 3789 123 3794 ,
154 3739 244 3806 τίλια,
268 3738 396 3794 Gallicum
420 3738 513 3806 vulgus
541 3737 714 3802 chirothecae,
756 3739 877 3793 uellarum
905 3739 1014 3795 aciculai
1040 3747 1082 3794 etc
1097 3741 1199 3806 dicunt,
1221 3746 1251 3794 at

154 3809 222 3878 grati
238 3808 323 3878 potius
338 3806 415 3860 animi
433 3811 617 3860 monumentum
635 3823 709 3890 quani
728 3755 809 3860 <leutii
823 3809 965 3864 mercedem
989 3815 1016 3864 ct
1038 3810 1098 3863 vilia
1120 3827 1252 3864 mercena-

155 3877 248 3932 riorum
266 3877 390 3946 obrequia
402 3883 565 3946 compensata
576 3882 727 3946 exprimant.
762 3892 883 3946 quaenam
895 3885 977 3932 autem
990 3877 1251 3946 malliacensem,

154 3951 274 4017 reparata
298 3965 330 4000 cx
358 3946 448 4014 Regiis
472 3963 534 3999 vera
556 3961 729 4032 germaneque
752 3945 864 4001 lectione
886 3948 1003 4002 discinde
1022 3965 1079 4000 esre
1094 3947 1150 4000 coin
1166 3965 1251 4013 πονο-

154 4011 310 4084 σενομὲνοιν
327 4011 405 4087 ζῴοιν
419 4012 515 4076 πάντα
530 4033 566 4068 τα
582 4014 709 4082 ποικίλα,
727 4015 899 4072 animantium
913 4020 1016 4087 praedo
1028 4022 1159 4086 captorum
1170 4033 1251 4084 puae·

155 4101 254 4154 cunque
265 4085 329 4154 pilii
345 4093 370 4138 ct
389 4086 548 4138 coiecerunt
566 4085 660 4138 νανίαι
677 4083 783 4156 quaevis
800 4084 867 4138 enim
883 4085 1018 4142 diecoloria
1029 4085 1102 4138 etiam
1114 4084 1189 4137 hodie
1200 4101 1249 4138 vo-

155 4161 215 4236 cant
230 4153 360 4276 mffioe’
378 4153 516 4225 cademque
532 4151 559 4206 iii
575 4153 768 4224 protoitratorlr
782 4161 877 4210 cortem
894 4173 926 4210 ex
941 4153 1039 4226 praeda
1055 4151 1188 4222 obtingunt
1199 4169 1246 4208 ocu

152 4237 208 4278 eurr
226 4239 282 4292 φοι
319 4239 347 4277 α.

223 4307 260 4364 it.
276 4324 302 4368 r.
323 4309 365 4384 20.
382 4303 419 4366 τὰ
434 4303 647 4382 προστάγματα]
664 4297 824 4381 ίντιλλμιιια
837 4313 914 4366 coeit
929 4307 973 4366 lu
992 4308 1045 4364 GR
1062 4301 1247 4378 οίδιαιιίξιις.
1342 4299 1345 4306 ’
