2802 4686
511 249 558 318 IN
578 249 726 320 CODlNl
754 249 838 322 CAP.
863 246 893 319 1.
1099 281 1102 288 ’
1189 251 1260 325 151

139 410 143 416 ’
161 413 216 482 edu
229 411 351 500 βασιλέα
362 415 585 505 columcellas
597 434 649 476 seu
662 410 697 480 ιδ
709 411 943 500 Ιιιολαχρόνισμα
958 415 1082 476 accirrere
1094 433 1146 478 seu
1164 420 1262 480 nolu-

158 497 282 586 χρόνιον
290 507 397 564 ποιεῖν.
414 502 463 577 qui
472 521 533 560 mos
543 501 701 578 exantiquo
711 519 789 562 more
801 505 889 563 hodie
898 521 1012 581 quoque
1026 503 1141 562 Graecis
1157 501 1261 562 adbae-

157 595 211 650 ret.
253 589 378 648 secunda
396 592 441 646 est
461 593 583 663 portare
595 587 769 665 evangelium
781 589 814 648 in
833 588 1081 666 supplicationibus
1100 608 1134 648 ac
1148 588 1261 649 litaniis.

159 673 244 734 tertia
258 669 312 750 τοὶς
330 672 364 735 ἐν
383 665 488 744 αὐταῖς
509 669 662 744 σοναιττάς
681 671 733 734 καὶ
756 669 889 752 αἰτήσεις
907 678 1015 736 ποιεῖν.
1054 674 1150 750 inepte
1172 675 1261 734 inter-

157 778 239 836 pres:
260 761 429 819 contexione
442 762 467 814 et
481 761 645 836 rqietitiones
658 759 689 816 ιἰι
702 760 740 816 eis
746 757 848 836 faceta
889 763 1067 817 correxerunt
1080 759 1126 816 alii
1137 757 1260 824 collectus

157 851 184 905 et
195 863 293 924 precea
315 847 383 906 sunt
403 843 552 907 σοναιιταί
573 843 687 921 proprie
703 861 777 919 quac
797 844 875 920 apud
893 863 947 903 nos
970 843 1000 902 iu
1024 840 1101 902 lroris
1119 843 1258 904 canonicis

157 935 293 990 vocentur
306 947 416 1006 preces„
433 927 531 986 diebus
554 929 721 987 ieiuniorum
737 927 914 1007 potissimum
934 929 1071 1005 usitatae,
1091 947 1150 988 nou
1172 929 1259 989 modo

155 1015 187 1073 in
200 1013 349 1072 matutinis
362 1015 413 1072 sed
426 1017 456 1070 et
478 1012 508 1070 in
528 1013 645 1091 singulis
663 1013 749 1072 boris.
771 1019 800 1072 et
815 1031 913 1092 preces
931 1013 997 1073 illae
1016 1029 1087 1088 quas
1109 1019 1176 1090 post
1195 1013 1259 1072 lita-

156 1101 219 1159 nias
243 1119 296 1178 pro
318 1098 392 1158 omni
412 1097 555 1162 hominum
579 1091 708 1159 statuet
728 1099 827 1158 ordine
845 1099 1007 1176 fundimus,
1019 1098 1174 1176 ipsissimas
1190 1102 1260 1157 sunt

156 1185 333 1248 Graecorum
343 1184 505 1257 σοναπιαι,
529 1202 690 1260 quanquam
704 1189 733 1242 et
748 1202 820 1260 qpas
838 1203 892 1243 nos
912 1203 1043 1244 vocamus
1064 1184 1189 1246 collectas
1204 1183 1259 1242 hoc

156 1273 270 1330 nornine
287 1267 428 1350 appellare
440 1267 480 1327 nil
493 1274 587 1347 vetat,
609 1269 676 1346 quio
696 1269 867 1329 Graecorum
879 1269 1000 1348 liturgiis
1021 1269 1257 1347 adstipulantibus

157 1357 214 1416 fiee
244 1357 313 1415 haec
333 1361 428 1414 autem
454 1355 495 1412 ita
520 1374 582 1414 esse
600 1354 739 1432 intelliget
757 1355 847 1414 lector
866 1375 929 1414 cum
951 1375 986 1414 err
1005 1353 1065 1413 eliis
1087 1339 1295 1416 Graecorum?
1315 1339 1366 1396 ¹73

156 1442 301 1504 ritualibus
314 1441 391 1500 libris
409 1446 470 1499 tum
485 1457 519 1500 ex
532 1438 713 1518 Eucbologio.
733 1441 826 1500 voleat
843 1441 930 1520 igitur
941 1439 1103 1500 Bonetidius
1117 1459 1179 1499 cum
1199 1441 1259 1500 suis

156 1527 357 1588 ιοαιιατίοοίδαι
371 1527 607 1605 strepetitiom'boa
629 1532 730 1604 quarta
741 1533 786 1586 est
800 1520 931 1600 οἲιιόντος
945 1519 1155 1608 οἴρηιδιαιιὸνου
1175 1520 1259 1587 διδό-

157 1634 210 1676 ναι
226 1607 341 1693 ιιηροιδς
353 1617 417 1684 τοῖς
437 1609 470 1674 ἐν
486 1615 528 1692 τῷ
538 1607 658 1692 ἅμβωνι
676 1606 848 1687 διακόνοις,
870 1613 974 1671 absente
993 1611 1180 1672 archidiacono
1194 1610 1260 1672 dore

157 1717 243 1757 cerem
264 1700 386 1758 δι’σιοιιίι
403 1701 435 1756 io
449 1697 564 1755 ιιιιιδοιιο.
584 1695 633 1754 ubi
648 1696 773 1774 pessime
790 1698 930 1774 interpres
953 1715 1010 1774 pre
1026 1691 1140 1774 κηροιὲς
1159 1696 1259 1773 legens

156 1777 284 1862 καιρούς
308 1781 406 1844 vertit:
432 1786 549 1859 tempora
572 1779 637 1839 dore
661 1782 798 1856 diaconis,
828 1785 877 1858 qui
895 1781 1000 1839 amboni
1024 1783 1149 1839 saniant.
1178 1781 1258 1858 quid,

158 1885 280 1944 quaeso,
300 1870 346 1924 est
359 1871 476 1944 temporo
490 1863 554 1924 dore
568 1864 708 1932 diaconis?
734 1883 827 1942 neque
850 1869 1019 1924 correctores
1034 1869 1085 1922 aut
1101 1865 1131 1922 in
1149 1863 1258 1924 Graeca

155 1951 360 2030 scriptruaaut
373 1949 403 2006 in
418 1947 556 2008 Bonefidii
569 1951 800 2028 interpretatione
819 1949 894 2008 hunc
914 1956 973 2008 tam
999 1955 1112 2028 turpem
1136 1967 1259 2010 errorem

154 2037 427 2107 animadvertemnt3
448 2040 482 2092 ut
494 2034 539 2093 rel
558 2035 623 2094 hinc
645 2035 753 2110 liqueat
770 2054 861 2112 quam
875 2036 960 2094 rudes
978 2033 1072 2093 rerum
1091 2034 1258 2092 ecclesiasti-

155 2122 311 2182 circumisti
324 2139 342 2178 a
356 2119 491 2178 catholica
504 2119 638 2198 religione
654 2121 745 2178 auersi
755 2121 796 2179 ad·
805 2121 877 2178 ritus
891 2119 1091 2178 ecclesiasticos
1103 2138 1153 2176 seu
1167 2117 1258 2176 Grae·

155 2227 205 2266 cos
222 2225 272 2265 seu
289 2204 409 2265 Latinos
427 2205 606 2287 explicandos
629 2206 772 2264 accedant.
795 2205 863 2263 dicit
882 2211 977 2264 autem
997 2206 1100 2266 absente
1119 2204 1258 2262 archidia-

154 2314 229 2369 cono,
243 2294 322 2369 quia,
335 2296 368 2348 ut
379 2290 506 2349 Codinus
518 2291 606 2350 tradit
620 2311 648 2368 p.
663 2292 704 2354 94
717 2311 745 2350 v.
759 2293 810 2366 20,
824 2290 890 2352 olim
902 2291 1015 2366 quidem
1024 2308 1128 2366 magna
1142 2285 1257 2348 ecclesia

153 2379 277 2441 babebat
299 2375 539 2452 archidiaconum,
555 2377 606 2434 sed
626 2379 734 2454 postea
746 2375 855 2434 nolum*
872 2376 987 2452 habuit,
1009 2393 1095 2450 quare
1116 2372 1133 2438 ὁ
1153 2375 1259 2436 δευτε-

154 2459 253 2542 ρεύων
272 2467 367 2540 partes
383 2462 442 2518 eius
462 2461 611 2538 supplerit
647 2460 713 2518 binc
735 2461 777 2517 ait
798 2460 904 2518 Citrius
927 2462 1050 2518 secundi«
1064 2459 1173 2519 diaconi
1193 2477 1257 2518 csse

154 2551 241 2612 etiam
253 2549 283 2607 irr
302 2547 363 2605 aliis
377 2545 563 2604 archidiaconi
584 2563 685 2605 mimus
706 2545 832 2624 explere3
853 2564 894 2605 exi
907 2545 1008 2621 quibus
1028 2546 1102 2604 forte
1125 2544 1179 2606 hoc
1202 2551 1258 2620 est,

154 2637 272 2708 θυμιᾶν
286 2629 489 2711 τὸνβασιλέα,
507 2633 703 2708 imperatorem
717 2649 813 2689 recens
826 2636 990 2692 coronatum
1001 2633 1117 2706 incenso,
1128 2635 1162 2687 ut
1174 2631 1259 2688 vocat

154 2720 288 2798 ecclesia,
304 2717 446 2793 venerari,
467 2717 549 2792 eique
576 2715 647 2774 bene
667 2715 825 2778 ominatum
835 2715 905 2774 illud
921 2734 1031 2776 carmen
1052 2715 1175 2774 occinere
1197 2711 1257 2774 “re-

155 2807 277 2865 cordetur
297 2805 417 2863 daciam
436 2801 499 2862 deas
520 2804 576 2878 τῆς
600 2801 752 2882 βασιλείας
772 2805 845 2876 σοῖς,
875 2804 956 2877 regui
973 2803 1030 2876 tui,
1050 2805 1080 2860 in
1098 2819 1180 2875 regno
1198 2818 1257 2874 ιαο,

154 2909 224 2950 nanc
239 2897 264 2950 et
277 2897 376 2970 ιαιηιιη
391 2893 416 2946 et
435 2889 464 2944 io
481 2885 571 2946 recolo
584 2888 742 2962 semlerum,
762 2877 868 2947 umen?
905 2887 945 2944 sic
961 2885 1038 2945 idem
1055 2886 1151 2943 fausta
1167 2883 1257 2942 accla-

135 2977 277 3042 matione
300 2972 524 3053 prosequebatur
544 2971 743 3050 patriarcham:
771 2971 923 3052 μνησθείη
948 2964 1054 3051 τιν’ριος
1072 2969 1089 3032 ὁ
1108 2965 1183 3042 θεός
1199 2971 1257 3048 τῆς

153 3054 379 3140 ἀρχιερωσύνης
401 3076 473 3132 σου,
495 3057 643 3116 recordetur
658 3057 776 3116 dominas
791 3059 965 3136 pontificatus
981 3057 1131 3133 intubique
1143 3075 1215 3114 onoc
1229 3059 1256 3113 ct

154 3159 253 3224 semper
268 3152 293 3204 ct
307 3148 337 3204 io
350 3143 441 3202 seculo
455 3144 607 3202 seculorum.
626 3161 679 3203 nec
699 3143 754 3200 hoc
768 3142 854 3202 fiebat
868 3147 982 3200 tautum
1000 3161 1035 3200 eo
1058 3141 1104 3198 die
1124 3158 1182 3215 quo
1203 3140 1256 3197 im-

153 3237 270 3310 perator
281 3227 500 3306 inaugurabatur
520 3233 550 3286 et
563 3228 765 3306 coronabatur,
786 3229 840 3286 sed·
856 3227 966 3304 quoties
983 3227 1013 3284 in
1029 3225 1172 3291 ecclesiam
1188 3243 1256 3284 ven-

154 3316 269 3375 titabat
287 3315 370 3375 eade
383 3313 519 3372 ausam
538 3313 660 3372 Citrius:
683 3303 780 3374 αιῖτοῦ
792 3306 850 3394 γάρ
873 3308 988 3390 ἐστινὴ
1009 3307 1082 3390 pecul
1103 3305 1161 3389 την
1179 3307 1256 3371 εἴσο-

154 3402 212 3464 δον
229 3395 367 3478 εὐφημία
381 3401 441 3458 τοῖν
458 3396 604 3478 βασιλέων
622 3394 674 3458 καὶ
697 3392 869 3479 ἀρχιερέων,
892 3401 978 3476 ipsius
998 3401 1037 3456 est
1056 3395 1256 3472 imperatoribus

155 3493 182 3546 at
198 3485 365 3566 patriarchis
381 3485 412 3542 in
431 3483 553 3560 templum
574 3484 701 3558 ingressis
714 3482 776 3540 bene
794 3485 919 3560 precora'3v
945 3481 1001 3542 nisi
1021 3480 1083 3555 quis
1098 3479 1167 3538 illud
1180 3473 1254 3558 perci

154 3567 212 3651 τη“’ν
221 3569 340 3634 εἴσοδον
350 3573 411 3650 post
423 3570 570 3644 ingressum
583 3569 687 3626 referre
699 3565 765 3624 velit
779 3569 816 3626 ad
827 3567 983 3644 ingressum
996 3565 1026 3623 in
1044 3564 1254 3624 tabernaculum

153 3649 206 3716 seu
221 3657 252 3714 i'n
265 3657 551 3730 sanctasanctorum,
562 3653 615 3714 'ita
631 3658 664 3712 ut
675 3653 768 3710 fausta
780 3651 849 3709 haec
867 3651 1027 3738 acclamatio
1041 3652 1116 3708 facta
1134 3650 1172 3708 sit
1186 3655 1255 3728 post

153 3741 312 3802 absolutam
324 3739 571 3818 supplicationem,
592 3738 623 3796 in
636 3737 795 3815 quapanis
814 3737 1070 3815 praesanctificatus
1092 3737 1130 3794 ad
1150 3735 1255 3793 sacriti-

154 3828 227 3889 cium
245 3825 490 3886 circumferebatur
509 3842 561 3902 per
585 3823 721 3901 templum
744 3827 774 3880 et
796 3829 897 3901 postea
913 3824 951 3880 ad
970 3822 1058 3881 altare
1074 3820 1253 3880 inferebatur.

156 3933 213 3990 quo
227 3913 260 3972 fit
275 3919 310 3970 ut
320 3911 460 3970 secundus
476 3909 608 3968 diaconus
621 3903 777 3987 εὐφημίαν
791 3908 864 3967 hanc
884 3908 1038 3966 instituerit
1054 3925 1184 3983 regresso
1197 3905 1255 3962 iam
1370 3937 1374 3946 .

154 3994 313 4080 patriarcba
340 3997 379 4056 ad
403 3995 492 4055 altare
517 3999 548 4053 et
566 3994 745 4074 precessione
766 3993 911 4068 absoluta3
943 3993 1021 4069 quod
1047 4009 1115 4050 vero
1138 3989 1254 4068 propius

152 4085 273 4144 videtur.

239 4165 392 4229 Dicebatur
405 4157 587 4242 δευτερεύων
604 4165 666 4226 τοῖν
682 4157 834 4226 διακόνων
850 4179 910 4222 nen
933 4160 1010 4235 quod
1029 4159 1058 4216 in
1079 4155 1179 4214 ordine
1194 4156 1254 4216 dia-

155 4273 290 4316 conorum
306 4271 427 4332 maguae
438 4250 569 4313 ecclesiae
585 4250 725 4334 secundus
744 4255 835 4326 esset,
855 4247 907 4313 sed
920 4246 1048 4324 resp‘ectu
1066 4241 1104 4300 ad
1120 4239 1256 4303 archidia
