2802 4686
356 252 360 259 ’
440 237 444 244 ’
481 319 493 330 ,
527 281 573 348 nr
593 281 743 350 ooorur
764 284 847 353 cu.
874 283 901 351 1.
1184 285 1255 356 133

164 437 232 506 di'vit
259 447 482 526 protonotarium
509 466 572 506 esse
599 445 744 531 θυρωρόν
773 470 824 512 sen
849 447 1013 512 annuunt
1042 441 1128 531 θνρο
1159 449 1255 532 igitur,

163 534 216 590 lroc
238 537 284 590 est
305 537 406 610 iaaac,
427 534 596 592 'nominatur
618 554 676 594 non
693 538 770 612 quod
791 538 829 595 sit
851 541 951 597 ianitor
975 555 1026 595 seu
1049 535 1259 618 atmuoaatu,

143 617 213 681 „sed
240 617 306 695 quia
331 624 375 678 est
401 620 541 696 proximus
569 619 605 677 ab
630 623 836 680 exoeatacoelia
876 641 928 680 neo
953 622 1096 696 estquod
1120 619 1216 679 Iunios
1236 641 1255 680 a

162 703 299 765 Ianr‘roris
329 703 485 764 subsidium
508 709 600 782 petat:
632 705 677 764 alii
698 707 771 764 enim
793 725 895 766 nomen
913 708 967 766 hoo
987 725 1045 764 non
1062 724 1079 763 a
1096 707 1180 764 ἰατικο
1202 709 1254 766 sed

162 789 198 846 ab
224 787 279 847 alio
303 787 389 866 longe
413 790 522 850 diverso
545 790 678 850 vocabulo
704 790 863 871 deducunt,
888 797 921 852 ut
950 791 980 851 in
1004 790 1145 850 Paudecte
1167 789 1254 852 Ture.

161 873 255 934 videre
270 872 343 932 licet.
1276 883 1278 890 “

244 972 320 1032 lllud
344 973 459 1053 insuper
491 972 621 1032 festivum
648 979 707 1052 est,
738 993 801 1034 cum
834 975 875 1033 ait
904 977 1081 1055 protonotarii
1107 973 1196 1052 futare
1222 982 1254 1034 ut

162 1078 231 1138 punc
259 1058 333 1138 sorio
364 1079 384 1118 ο
421 1059 563 1118 cotacoelis
587 1059 630 1118 uel
649 1080 696 1138 per
727 1060 872 1118 catocoelor
895 1061 933 1120 od
952 1059 1136 1138 patriarchum
1159 1060 1255 1136 affac-

160 1145 278 1219 lcntur,
315 1163 348 1204 ao
377 1146 514 1221 occiperet.
557 1163 614 1220 quo
641 1150 753 1202 auctore
778 1145 831 1204 hoc
869 1141 1012 1204 affirmat
1052 1163 1118 1202 nam
1150 1144 1254 1204 dicenti

160 1230 300 1290 duntaxat
323 1230 347 1288 si
376 1230 566 1307 crederemus,
599 1231 692 1290 omnia
721 1230 907 1306 crederemus,
941 1231 1025 1288 etiarn
1051 1235 1149 1308 aperte
1175 1229 1254 1288 salsa

158 1318 335 1394 protonotarii
356 1315 410 1372 suit
433 1333 531 1372 curare
550 1317 696 1393 pittacio,¹
710 1321 743 1373 ut
767 1315 859 1392 inquit
880 1316 1015 1374 Codiuus.
1053 1318 1188 1393 pittacio,
1212 1315 1254 1374 ait

161 1398 291 1460 Cuiacius
309 1401 347 1460 ad
369 1400 413 1458 tit.
436 1403 477 1463 37
496 1399 544 1459 lib.
566 1405 604 1464 12
621 1401 682 1462 cod.
705 1399 882 1478 Iustiniauei,
914 1407 979 1460 aaut
1006 1403 1120 1460 rationes
1139 1405 1166 1458 et
1184 1419 1253 1458 coru·

160 1488 286 1544 mentor&
311 1503 475 1545 οινιοοατκπ
504 1485 669 1544 militarium.
692 1486 796 1548 ,eodem
825 1489 926 1545 omniu
956 1487 1145 1563 significantur
1172 1487 1254 1544 aiom

159 1571 301 1649 epistotae,
326 1569 432 1642 cllum,
462 1573 579 1630 notario.
620 1571 661 1628 ita
677 1570 779 1628 iniure
798 1571 883 1628 civili:
914 1570 960 1628 lric
980 1572 1109 1628 militares
1133 1589 1254 1628 canonae

158 1655 252 1714 locum
271 1673 330 1712 non
345 1653 459 1712 habent.
499 1660 550 1713 est
564 1674 633 1730 ergo
649 1648 804 1718 πιττάκιον
819 1656 932 1733 proprie
950 1657 1028 1730 quod
1044 1675 1096 1713 nos
1112 1673 1254 1730 vocamus,

159 1739 344 1814 ecclesiastica
361 1739 561 1798 consuetudine
581 1745 610 1796 et
628 1739 832 1816 appellatione,
855 1740 931 1798 broce
950 1741 1029 1812 (hinc
1043 1740 1117 1798 breue
1137 1747 1253 1815 aposto·

159 1825 260 1901 licum,
280 1829 310 1883 et
330 1823 525 1882 Germanicum
544 1823 616 1899 tries
629 1843 681 1900 pro
704 1824 838 1901 epistola,
857 1829 887 1882 et
907 1824 938 1882 iu
958 1822 1113 1881 Annalibus
1135 1821 1253 1882 Latino-

160 1908 293 1968 Barbaris
313 1907 493 1982 brevigerulus
508 1909 552 1966 eiu
570 1908 748 1986 triestrdger,
767 1927 817 1966 seu
837 1909 996 1968 natantum
1016 1927 1066 1966 seu
1085 1909 1254 1980 breuiarium,
1325 1973 1328 1980 ¹

161 1993 238 2054 unde
259 1992 393 2050 Germani
411 2010 492 2050 suum
511 1994 611 2050 breuier
625 1993 796 2069 formarunt,
818 2013 870 2069 pro
890 1993 961 2052 libro
978 1991 1142 2050 sacerdotali
1152 2011 1186 2050 ex
1196 2011 1255 2066 quo

162 2079 250 2138 horae
270 2078 419 2136 canonicae
435 2076 640 2155 persolvuntur.
681 2078 800 2140 occurrit
814 2078 883 2134 haec
903 2097 957 2138 vox
975 2079 1048 2135 ὁποι
1063 2075 1210 2151 aliquoties
1225 2076 1254 2132 iu

160 2162 271 2240 legibus
294 2161 434 2222 Fraucicis
458 2168 488 2222 et
510 2163 539 2220 iu
557 2163 675 2238 Synodo
691 2161 829 2220 ltleldensi
845 2181 905 2220 cau.
925 2163 954 2226 4.
974 2161 1160 2220 Glossarium:
1188 2183 1255 2222 πιτ-

160 2243 269 2310 τάκιον
285 2250 444 2328 pittacium,
462 2249 556 2306 breuis.
599 2245 682 2303 Anna
696 2247 725 2304 in
743 2245 877 2306 Alexiade
894 2265 960 2304 sua:
983 2245 1034 2307 καὶ
1048 2242 1084 2307 roi
1100 2245 1255 2326 βιβλίοιτίς

161 2331 255 2416 μέσον
274 2335 442 2412 τηνικαῦτα
461 2332 657 2411 προοτίθετο·
679 2333 784 2413 βρτβίοι
799 2330 930 2410 cedrusi
951 2326 1101 2410 συνήθεια
1118 2325 1181 2392 οἶδε
1195 2353 1255 2390 κν-

161 2423 242 2492 itin,
265 2415 299 2480 ἓν
320 2411 367 2490 οἷς
387 2410 590 2497 οἶνοιγροίφεται
607 2411 644 2476 col
667 2416 700 2477 ἐν
725 2411 840 2500 ἑκάστῳ
868 2413 982 2494 τεμένει
1008 2413 1082 2478 ι’)’ντοι
1107 2408 1254 2495 κειμήλιοι.

162 2503 230 2562 haec
245 2503 354 2562 notavit
371 2501 504 2561 Pithoeus
524 2501 561 2560 ad
576 2500 652 2578 leges
673 2499 829 2562 Francicus.
869 2501 1027 2562 huiusmodi
1044 2520 1112 2579 ergo
1134 2500 1255 2560 breuibus

161 2585 337 2648 conficiendis
352 2592 480 2666 praeerat
499 2587 725 2665 protonotarius,
742 2593 771 2646 et
790 2593 888 2665 posset
905 2587 979 2644 forte
999 2581 1015 2649 ὅ
1035 2586 1076 2658 εἰς
1096 2580 1133 2646 coi
1150 2578 1255 2645 πιττά-

162 2697 213 2736 κιιι
233 2673 315 2732 unico
341 2677 372 2732 et
398 2673 550 2731 etiamnum
575 2672 765 2730 ecclesiasticis
790 2672 977 2730 functionibus
993 2671 1097 2728 usitato
1118 2668 1255 2728 vocabulo

163 2759 217 2818 dici
234 2759 399 2817 abbreviator
421 2756 464 2815 vel
486 2758 581 2836 potius
594 2758 740 2828 treviatu5
761 2776 819 2833 qua
837 2775 905 2815 voce
923 2757 1011 2814 utitur
1025 2756 1109 2813 etiam
1124 2753 1255 2812 Iustinia-

162 2863 216 2903 uus
239 2843 348 2903 Novell.
373 2841 442 2905 105.
485 2848 529 2901 est
555 2842 639 2900 etiam
662 2843 750 2914 ὁποι,
777 2847 806 2900 et
831 2861 883 2920 per
905 2858 1079 2917 consequens
1101 2843 1255 2918 pittacium,

162 2932 356 2998 ioomturiumr
384 2928 462 3002 quod
487 2927 523 2986 ab
549 2927 659 3004 Optato
677 2926 694 2984 l.
713 2931 727 2990 1
745 2931 861 2985 vocatur
878 2929 1158 2985 corruoemorctoriuru.¹
1185 2925 1254 2982 item
1272 2918 1291 2971 P
1315 2917 1364 2972 163

164 3013 261 3074 breuis:
282 3015 382 3084 breuis,
398 3013 430 3070 id
446 3018 489 3072 est
505 3013 602 3090 index,
622 3015 686 3071 auri
701 3016 728 3069 et
744 3015 853 3090 argenti
871 3011 1022 3071 &aciliano
1045 3010 1181 3096 truditur,
1201 3009 1256 3067 od-

163 3097 255 3158 tiburs
278 3098 397 3158 testibus.
439 3103 469 3156 et
489 3095 617 3155 absolute
640 3096 758 3155 indicem
778 3103 807 3154 et
824 3097 1000 3156 summariam
1016 3097 1054 3154 rei
1075 3095 1256 3172 comprehen-

162 3183 269 3242 sionem
287 3175 432 3260 significat.
473 3182 540 3240 inde
556 3182 585 3240 in
606 3180 714 3258 legibus
729 3180 868 3240 Francicis
884 3188 914 3241 et
929 3182 1005 3260 apud
1023 3181 1193 3239 Nithordum
1202 3179 1256 3238 Hi-

162 3273 232 3326 stor.
254 3266 273 3326 l.
292 3265 441 3328 ltverlrurn
457 3268 616 3340 inbreviare,
645 3267 699 3324 hoc
716 3273 760 3325 est
777 3268 882 3342 aliquid
904 3269 934 3324 in
957 3268 1042 3325 breve
1058 3285 1108 3324 seu
1127 3267 1255 3322 iuventa-

162 3353 235 3411 rium
254 3352 365 3418 referre.
406 3351 442 3409 de
469 3351 585 3428 pittacio
607 3351 671 3409 vide
693 3351 777 3410 etiam
799 3351 978 3411 Heribertum
999 3351 1177 3408 Rosweidurn
1204 3369 1255 3406 uo-

162 3443 254 3498 strum
270 3436 299 3494 in
317 3436 498 3494 Onomastico
515 3437 552 3494 ad
569 3434 648 3493 Vitas
663 3443 782 3513 patrum.
825 3437 951 3494 Zonaras
969 3438 1000 3494 in
1017 3435 1124 3494 concilii
1135 3433 1254 3492 Cartha-

162 3523 287 3602 ginensis
304 3521 446 3579 Cauoues:
468 3519 590 3601 βρέβιον
609 3518 633 3600 ἦ
653 3517 778 3602 ἐπιτομὴ
796 3521 909 3603 λέγεται
922 3519 972 3583 καὶ
985 3514 1255 3601 σύντομοςγροιφή.

163 3608 275 3692 βρεβίω
298 3600 357 3690 peip
380 3601 456 3668 aurci
475 3607 627 3680 Λατίνους
643 3602 678 3670 τό
698 3605 809 3687 τέμνω,
831 3605 880 3668 κοι1
902 3607 1040 3687 βρτβίτοις
1065 3605 1253 3686 ἦσυντομίοο

247 3744 276 3804 p·
290 3723 311 3788 4
324 3743 351 3783 v.
367 3721 414 3788 ll.
436 3721 480 3782 De
493 3723 599 3802 origine
611 3725 688 3782 vocis
699 3719 853 3787 πιττάκιον
867 3725 934 3784 llaec
949 3723 1164 3803 Moschopulus:
1183 3745 1253 3784 πετ-

163 3803 250 3874 τύκιο
258 3813 401 3892 Δωρικῶς
414 3805 450 3870 roi
464 3805 555 3872 λεπτοὶ
570 3806 777 3894 περιτμήματα
789 3815 849 3872 τῶν
860 3811 1034 3893 deoperitur,
1049 3803 1148 3889 οέφόὗ
1166 3806 1253 3889 ἡμεῖς

162 3891 299 3962 aratura
315 3893 447 3978 λέγομεν.
1121 3895 1126 3904 “

230 4009 412 4078 Moscbopulue
423 4002 555 4064 πεττύκιττ
564 4007 658 4062 Dorice
673 4008 828 4080 pronuntiat,
849 4014 876 4062 et
887 4011 1047 4064 membranae
1056 4007 1110 4060 sivo
1120 4003 1252 4074 pelliceam

164 4078 275 4132 charum
286 4078 342 4132 sive
353 4095 530 4164 pergamenum
541 4078 678 4148 significat.
710 4079 835 4132 incudem
859 4096 935 4163 sensu
954 4079 1042 4131 audies
1060 4075 1148 4141 vulgus
1166 4074 1251 4123 Grae-

163 4165 249 4201 corum
267 4150 423 4216 λτμπρηνον
443 4148 537 4200 dicero.
578 4163 754 4215 nonnunquam
767 4155 852 4200 tamen
870 4151 985 4217 diploma
1003 4147 1106 4200 tutulos
1125 4145 1199 4194 triaue
1213 4161 1255 4190 ro-

165 4219 263 4270 dictttor
283 4218 377 4283 retert;
401 4225 503 4288 tumque
523 4217 653 4271 materian
674 4234 707 4270 nc
725 4218 919 4288 contempleris,
942 4215 989 4270 sed
1011 4215 1037 4265 iu
1059 4210 1160 4282 scriptis
1171 4210 1257 4262 lectis·

164 4303 214 4354 ιμιο
226 4286 270 4339 tibi
282 4285 431 4341 sistendum.
