2782 4686
145 285 180 332 vr
629 263 761 332 eorm

60 476 65 486 ·
144 462 196 522 sed
212 461 238 520 ei
252 459 307 521 soli
329 463 486 522 vovendum
517 479 603 547 quern
621 461 739 543 plurima
759 459 911 542 respiciunt
925 457 1043 536 Officia,
1066 463 1096 518 et
1114 459 1192 518 onius
1208 459 1239 520 iu

145 565 239 624 fronte
257 563 411 642 praefixum
432 583 534 624 nomen
555 584 621 644 pars
642 564 705 624 libri
725 565 763 624 sit
782 562 934 642 potissima.
975 561 1016 620 sic
1034 565 1080 620 est
1103 561 1241 640 profecto,

145 665 303 726 cardinalis
316 665 551 726 Eminentissime:
574 685 625 746 per
637 663 683 725 Te
692 665 819 724 Codiuus
832 664 931 738 mirum
943 662 973 721 in
986 662 1101 722 modum
1111 668 1240 741 uegetos,

147 786 248 846 nempe
265 767 314 844 qni
331 786 389 827 non
411 765 514 826 Officia
532 766 623 827 solum
643 771 788 827 enumerat
810 783 929 846 magma
950 763 1083 824 eeclesiae
1104 770 1135 824 et
1160 764 1240 824 aulae
1362 841 1363 844 Ἴ

146 870 329 950 epolitanae,
360 868 515 927 sedetiam
536 868 701 949 ampliores,
731 886 803 945 quas
826 869 856 928 in
881 866 927 928 Te
946 866 1070 946 colligis,
1094 867 1241 944 utriusque

147 972 244 1052 paam
256 971 339 1049 nego
360 975 391 1036 ,et
406 969 534 1028 vanam
555 972 707 1049 annates
726 970 837 1029 voretur
854 969 1010 1048 emmiu
1023 974 1241 1048 repraesentare

68 1103 74 1116 =
147 1082 321 1154 quapropter
334 1078 476 1136 auctorem
491 1072 565 1132 bunc
582 1071 648 1134 Tuo
669 1073 781 1136 nomine
805 1071 986 1149 comigmrme
1004 1070 1111 1132 sincere
1130 1074 1161 1129 et
1179 1069 1242 1128 sine

147 1175 211 1236 inco
224 1176 358 1255 profiteor
378 1174 555 1254 praecipuam
577 1194 612 1234 ex
630 1175 699 1234 meis
719 1175 834 1233 adeum
849 1173 934 1231 nolis.
975 1171 1017 1231 ita
1028 1190 1087 1231 nou
1099 1173 1173 1232 foret
1186 1171 1243 1230 iste

146 1295 235 1355 mens,
257 1275 413 1337 nisiTuus.
454 1276 561 1338 uflnam
578 1275 644 1336 olim
661 1275 773 1336 Codino
795 1273 893 1334 datum
914 1271 980 1334 Tuo
998 1273 1054 1334 frui
1072 1279 1242 1356 conspectu:
1368 1274 1369 1326 l

146 1397 219 1436 unus
240 1379 266 1438 ei
285 1378 385 1438 fuisses
407 1379 475 1437 satis
492 1379 530 1437 ad
548 1395 649 1440 novam
669 1377 829 1437 Officiorum
843 1375 917 1435 bene
931 1373 1045 1454 longum
1063 1376 1162 1436 seriem
1174 1395 1243 1436 con-

146 1480 303 1540 texendam.
345 1497 430 1556 quam
451 1479 606 1542 luculentas
625 1481 656 1539 in
676 1479 753 1538 illum
769 1497 844 1540 nuno
855 1478 1100 1540 commentationes
1115 1479 1243 1538 ederem!
1370 1484 1371 1510 ¹

147 1598 232 1657 qnam
243 1579 345 1660 ingens
359 1581 506 1660 implerent
522 1581 667 1662 volumen,
690 1579 751 1639 ubi.
762 1581 834 1642 cirea
848 1581 972 1661 singula,
1005 1579 1107 1658 quibos
1128 1581 1243 1659 perfun-
1371 1588 1372 1610 ¹

147 1686 210 1740 ctus
224 1700 274 1761 es,
293 1702 426 1762 munera,
450 1690 559 1761 quanta
573 1683 619 1744 Te
629 1683 765 1762 gessisses
782 1683 813 1742 in
825 1699 996 1760 unoquoque
1008 1682 1157 1761 prudentia
1169 1681 1243 1741 inte-
1372 1692 1373 1718 ¹

146 1783 250 1860 gritate
269 1780 369 1862 lande,
394 1785 528 1846 curiosius
543 1788 738 1846 annotassem!
774 1789 807 1842 at
823 1783 893 1860 quid
912 1800 984 1842 vana
999 1783 1099 1842 mentis
1120 1781 1243 1866 oblpcta·

147 1886 225 1944 tione
245 1884 384 1944 deludor?
431 1888 599 1964 quasivero
619 1887 694 1946 notis
713 1871 838 1964 indigent
867 1884 945 1961 quod
968 1884 1096 1942 omnibus
1118 1883 1244 1943 uotum?
1374 1902 1375 1938 1

147 1985 285 2060 neminem
300 1987 464 2066 bocfugere
477 1989 579 2068 potuit.
621 1986 666 2054 Te
689 1987 915 2064 quotusquisque
935 1985 1015 2044 facile
1037 1986 1243 2066 suspiciendum
1375 2006 1376 2034 1

146 2087 264 2167 habuit,
291 2107 376 2166 quem
400 2091 502 2150 decora
525 2090 660 2152 virtutum
682 2096 749 2150 ante
773 2105 928 2169 purpuram
953 2087 1057 2165 ubique
1082 2094 1243 2150 statuerunt

146 2189 410 2250 Eminentissimum.
452 2185 498 2247 Te
523 2189 608 2251 talem
639 2207 779 2268 purpurae
802 2189 895 2266 fulgor
920 2189 1043 2267 invenit,
1080 2207 1139 2250 non
1168 2190 1242 2252 lecit.

146 2289 215 2350 nibil
232 2291 271 2348 ad
292 2289 439 2348 veritatem
460 2289 553 2348 addo:
587 2289 628 2350 sic
646 2291 723 2368 apud
740 2306 786 2348 me
811 2306 972 2368 supremum
994 2288 1102 2347 aeterni
1121 2290 1242 2350 numinis

146 2391 177 2450 in
190 2387 236 2449 Te
249 2389 402 2466 consilium,
427 2407 486 2448 non
502 2389 654 2450 dendtdria
669 2389 839 2469 cogitan‘one
857 2389 909 2448 sed
921 2394 1051 2450 accurato
1064 2391 1163 2452 mentis
1176 2410 1242 2452 exa-

146 2490 231 2567 mine,
253 2488 330 2550 soleo
345 2490 492 2568 pensitare.
534 2489 589 2572 Te,
604 2493 698 2554 lausto
712 2509 826 2573 prorsus
841 2491 942 2570 omine,
965 2493 1086 2552 decrerit
1103 2493 1242 2554 adlectum

146 2592 177 2650 in
197 2591 419 2670 praedicatomm
438 2592 583 2672 familiam,
617 2596 648 2654 in
668 2613 726 2672 qua
747 2594 907 2654 meritorum
926 2591 1060 2672 suffragio
1080 2614 1146 2654 vero
1167 2598 1242 2658 fores

147 2713 288 2773 purpurae
300 2696 474 2756 candidatus.
516 2696 562 2756 Te
582 2703 680 2758 natum
694 2699 725 2756 in
742 2696 860 2756 salutem
882 2694 964 2754 huius
987 2694 1093 2775 imperii
1105 2697 1193 2761 voluit
1204 2689 1258 2760 ad¹

147 2797 310 2854 doctoratus
323 2798 442 2874 gradum
455 2800 627 2878 promoveri,
657 2817 731 2877 quae
750 2798 844 2858 laurea
863 2815 921 2856 non
938 2789 1055 2858 obscure
1068 2798 1161 2860 lauros
1174 2801 1242 2864 alias

147 2891 351 2970 adumbraretp
371 2905 402 2958 et
423 2901 501 2977 quod
523 2902 677 2978 antiquitas
696 2901 854 2962 fabulosum
874 2899 988 2978 cecinit,
1012 2903 1137 2964 veritatis
1161 2924 1243 2984 prae-

146 2998 276 3058 nuntium
295 3017 329 3058 ac
345 3001 522 3079 praeconimn
540 3003 691 3083 posteritas
713 3002 927 3082 comprobaret,
960 3001 1103 3064 Palladem
1125 3023 1142 3063 e
1168 3005 1243 3067 lovis

146 3098 260 3158 nembro
273 3104 384 3180 natam,
413 3103 545 3166 laureatis
567 3106 652 3166 armis
670 3105 850 3184 mennatum,
881 3103 1054 3166 Athenarum
1068 3125 1102 3166 ac
1114 3107 1243 3170 scientie-

146 3219 209 3262 rum
220 3203 343 3262 omnium
356 3205 409 3264 sibi
432 3225 608 3286 comparasse
627 3206 805 3286 praesidium,
832 3225 866 3266 ac
879 3206 999 3266 subinde
1011 3208 1049 3268 ad
1061 3208 1151 3270 oleam
1165 3211 1242 3291 pacis

146 3311 341 3382 argumentum
354 3303 472 3368 Athenis
491 3309 673 3388 plantandam
691 3313 778 3387 atque
798 3327 895 3388 paoem
911 3309 1001 3388 ipsam
1022 3309 1051 3368 in
1071 3311 1168 3373 orbem
1180 3314 1243 3374 nui-
1264 3375 1267 3381 ,

107 3411 111 3429 “
145 3426 256 3468 versum
269 3411 478 3488 propagandam
492 3412 614 3472 animum
628 3411 805 3472 convertisse.
843 3427 927 3488 quem
948 3405 1064 3472 canebam¹
1076 3413 1243 3493 designabat

146 3527 310 3590 protegen,
337 3511 417 3572 Ordo
441 3512 635 3592 provincialem
654 3512 840 3574 renuntiavit:
873 3511 944 3572 sacri
963 3511 1059 3592 palatii
1078 3517 1241 3594 magistrum

145 3610 223 3688 prius
245 3613 366 3673 instituit
393 3616 519 3694 pontifex
545 3634 630 3694 quam
654 3634 753 3694 regum
780 3631 926 3694 supro-us
949 3613 1047 3675 Gallici
1076 3599 1241 3678 ministrum

146 3712 243 3774 virtuti
268 3716 390 3795 proclive
409 3736 460 3796 per
482 3719 647 3778 descensum
672 3717 811 3796 gradatim
837 3715 996 3776 ascendere.
1038 3719 1117 3796 qnod
1139 3719 1243 3780 deinde

146 3813 254 3901 boum
271 3819 389 3898 contigit
402 3817 596 3901 aquensibus,
626 3820 763 3880 ardebant
782 3818 837 3878 toti
855 3817 1081 3880 Praedicatorom
1102 3821 1192 3882 ordini
1211 3822 1241 3882 in

147 3918 265 3977 comitiis
280 3918 475 3987 Geuuensibus
490 3923 564 3984 Galli
583 3927 613 3984 et
633 3923 711 4000 Itali,
746 3940 865 3999 quorum
879 3920 1010 3982 iudicium
1029 3922 1072 3982 vel
1092 3942 1127 3984 ex
1146 3943 1181 3984 eo
1194 3941 1241 3984 sa-

146 4019 226 4097 piens
250 4011 460 4100 comprobatum
484 4032 546 4104 est,
578 4025 656 4104 qnpd
676 4041 762 4084 annm
782 4043 800 4083 e
817 4023 911 4084 moltis
933 4021 979 4086 Te
999 4007 1090 4086 Gallia
1103 4026 1243 4086 censuerit

146 4121 276 4182 universa
295 4124 411 4204 dignum
431 4128 479 4204 qui
500 4127 653 4207 principem
670 4127 804 4204 referres,
823 4126 867 4186 cui
887 4126 977 4186 nescit
999 4126 1075 4188 orbis
1087 4125 1240 4206 aequalem.

105 4231 109 4236 '
147 4224 299 4300 prudenter
319 4226 495 4290 hauddubie
512 4227 638 4289 tibitum
652 4225 748 4294 Roma
757 4247 908 4314 purpuram
922 4228 1039 4307 obtolit,
1064 4247 1128 4290 cnm
1147 4205 1262 4307 regern
