2802 4686
491 304 540 373 IN
565 302 714 373 CODINI
743 304 829 374 GAP.
860 299 886 372 l.
1093 317 1098 350 ²
1181 307 1253 380 155

147 490 210 552 res,
242 471 284 532 lta
316 475 346 533 ct
377 466 581 552 chartophylax
620 467 732 532 videtur
762 469 894 533 habuisse
928 465 1113 550 primicerium
1144 469 1254 534 tabale-

146 560 259 622 riorum.

116 698 123 713 .
216 671 244 726 p.
260 654 278 708 6
296 670 322 706 r
339 639 368 708 8.
393 651 478 722 Regia
483 651 609 736 ,superius
626 651 754 724 'producta
769 650 839 706 inter
854 651 939 706 officis
953 643 1089 707 recensent
1106 650 1255 726 πριμμιιιή-

150 723 287 848 pppiquqqir
303 721 513 794 πατριαρχιιιοῖν
528 723 677 792 serapiae.
711 721 828 777 neurius
839 737 902 775 vera
916 725 943 775 et
960 723 1102 778 tabularius
1120 741 1197 780 sensu
1209 741 1256 778 oo-

230 877 322 938 Porra
341 877 378 938 de
396 896 465 938 voce
486 877 649 958 primicerii,
670 878 866 956 secundicerii,
892 877 1060 956 tertiouerii,
1089 882 1257 958 quartocerii

146 964 211 1025 vide
227 963 373 1023 Cuiacium
392 966 431 1023 ad
447 964 491 1024 tit.
512 967 532 1022 7
553 965 601 1024 lib.
623 968 663 1028 12
685 967 748 1026 eod
768 964 949 1042 Iustinianei,
971 968 1001 1021 et
1028 965 1206 1044 Onuphrium
1224 967 1257 1026 in

147 1050 276 1130 explieat.
297 1053 397 1110 vocum
413 1051 591 1114 obscurarum
609 1051 874 1128 ecclesiasticarum,
896 1055 925 1108 et
949 1047 1065 1110 Petrum
1083 1051 1257 1129 Gregoriunu

146 1135 298 1218 Syntagm.
313 1136 352 1201 15
367 1141 423 1215 22,
445 1136 493 1212 qui
507 1135 547 1193 ait
564 1138 822 1213 pronuntiationem
844 1134 963 1195 nominis
973 1139 1123 1214 primicerii
1141 1137 1255 1214 exigere
1339 1133 1341 1141 ’

146 1222 333 1282 adiectionem
344 1239 379 1278 ex
396 1221 675 1300 relationealicuius,
696 1222 740 1282 vd
759 1228 835 1283 certe
848 1220 991 1300 postulare
1016 1227 1050 1279 ut
1062 1222 1256 1298 subintellige·
1284 1236 1285 1239 ’

147 1313 204 1366 tar.
226 1305 340 1384 quodsi
354 1323 450 1366 veram
468 1311 522 1384 est,
534 1312 595 1366 tum
607 1327 722 1368 necesse
733 1310 787 1368 erit
799 1307 838 1390 uti
846 1325 909 1366 cum
923 1307 997 1364 inter
1010 1306 1150 1385 palatinas
1161 1307 1257 1384 digni«

147 1397 223 1450 tates
251 1387 270 1456 d
295 1389 385 1472 μέγας
408 1389 623 1475 πριμμικήριος
646 1394 824 1473 nominauit,
852 1391 975 1470 dignitas
999 1393 1093 1468 aliqua
1114 1391 1255 1451 subintel-

145 1475 268 1556 ligatur,
289 1477 356 1552 quia
370 1478 540 1554 primicerius
552 1497 655 1539 nomen
668 1481 722 1540 hoe
735 1480 831 1539 habet
841 1483 972 1556 respecta
996 1479 1110 1537 alicuius
1132 1477 1255 1536 iunctio*

148 1564 259 1623 nissen
276 1563 430 1623 ministerii.
452 1563 517 1623 hino
529 1569 698 1642 primicerius
715 1566 856 1640 lectorum,
872 1567 1042 1643 primicerius
1055 1563 1144 1640 aulae,
1156 1567 1254 1640 primi-

146 1651 235 1708 cerius
250 1653 443 1726 proiecturum,
468 1651 634 1727 primicerius
657 1651 864 1710 domesticorum.
897 1653 990 1708 exstat
1010 1651 1040 1706 in
1060 1647 1255 1708 Decretalibus

147 1732 249 1792 titulus
266 1732 302 1789 de
314 1735 479 1810 primicerio,
499 1733 548 1791 ubi
568 1733 638 1792 nihil
656 1736 798 1809 adiicitur;
817 1750 911 1809 neque
933 1733 1018 1791 etiam
1039 1735 1108 1791 satis
1132 1738 1253 1810 apparet

151 1817 222 1892 qaid
237 1821 287 1873 aut
298 1815 484 1874 adiiciendum
496 1823 548 1876 aut
559 1818 783 1878 subaudiendum
802 1820 856 1895 sit,
877 1817 930 1875 nisi
947 1819 1008 1892 quis
1028 1819 1104 1877 dicat
1119 1818 1256 1876 subintel·
1271 1881 1274 1902 .

149 1901 201 1979 ligi
213 1919 311 1959 vocem
327 1907 472 1970 cautorum.
494 1902 530 1961 de
552 1922 608 1978 quo
625 1905 690 1961 vide
707 1903 824 1962 Petrum
841 1903 1011 1982 Gregorium
1029 1902 1047 1962 l.
1066 1922 1089 1962 c.
1112 1903 1177 1961 hina
1194 1907 1256 1982 pri-

153 1989 308 2048 miceriatus
323 1985 446 2062 dignitas
459 1991 489 2044 et
502 1987 625 2046 officinm
636 1989 791 2066 primicerii.
971 2007 972 2012 ¹

237 2071 323 2140 Quod
339 2073 377 2130 ad
393 2072 487 2148 ipsum
507 2073 674 2131 vocabulum
692 2075 812 2150 attinet,
832 2089 891 2130 non
904 2071 1122 2150 improbabiliter
1138 2071 1257 2146 arbitra-

152 2162 200 2216 tur
219 2156 350 2215 Cuiacius
365 2155 436 2216 illud
456 2161 542 2216 aerius
558 2176 621 2216 esse
640 2163 752 2216 tantum
772 2157 986 2235 productionem
1010 2158 1103 2234 verbi,
1124 2157 1184 2216 sine
1199 2157 1259 2215 ulla

151 2260 244 2302 novae
262 2242 471 2320 significationis
492 2243 653 2316 additione3
672 2249 706 2302 ut
726 2244 845 2322 proinde
861 2245 1028 2321 primicerius
1054 2244 1128 2302 idem
1148 2243 1186 2300 sit
1210 2243 1260 2318 qui

152 2327 293 2406 primas,
297 2329 490 2387 secundicerius
508 2329 584 2387 idem
602 2329 651 2403 qui
669 2328 824 2406 secundus,
847 2328 920 2385 sicut
942 2332 973 2385 et
994 2330 1070 2407 apud
1089 2327 1259 2390 recentiores

150 2411 277 2470 Graecos
291 2407 493 2485 παιόόπουλος
504 2415 580 2473 idem
589 2419 633 2472 est
647 2413 725 2489 quod
736 2419 817 2490 morie,
834 2405 1069 2494 Φραγιιόιιουλος
1086 2415 1161 2471 idern
1175 2413 1256 2512 quod

151 2496 292 2568 lironem
312 2499 353 2555 ita
373 2498 492 2556 utillud
514 2504 628 2572 ιιοολος
644 2500 682 2556 sit
701 2516 845 2599 paragoge
863 2497 970 2573 absque
995 2499 1054 2556 ulla
1072 2517 1145 2557 nova
1168 2499 1258 2574 signi-

149 2583 287 2642 ficatione.
305 2582 351 2640 alii
365 2589 459 2642 tamea
477 2603 580 2646 nomeu
591 2585 678 2642 hocs
698 2587 786 2662 prima
806 2589 836 2642 et
854 2601 914 2642 aera
934 2583 1090 2642 derivatum
1115 2583 1257 2662 composi-

151 2673 270 2745 tumque
282 2669 395 2748 volunt,
417 2669 518 2745 quibus
536 2671 585 2745 qai
596 2669 690 2747 volet,
710 2688 762 2746 per
771 2683 817 2726 me
832 2667 988 2726 subscribet
1000 2669 1075 2727 licet.

241 2773 270 2833 p,
282 2756 311 2816 6.
322 2773 348 2814 v.
363 2757 392 2819 8.
430 2755 556 2820 Ultimus
572 2756 602 2813 in
621 2755 676 2813 hoc
697 2753 823 2828 quinario
844 2759 889 2811 est
906 2749 925 2814 o‘
941 2750 1041 2831 ἅρχων
1066 2757 1127 2814 ruia
1148 2774 1258 2814 κοντο-

154 2838 248 2914 alau,
266 2839 565 2918 praesentiscerent,
590 2839 630 2898 ait
648 2839 754 2898 Iunius.
782 2839 839 2898 iruo
865 2842 1008 2897 centanis:
1034 2838 1260 2898 samaraticum

154 2921 285 3004 generale
298 2931 455 2986 nomenest
475 2928 513 2993 ad
534 2925 628 2984 omnia
645 2943 719 3001 quac
735 2924 797 2982 euni
818 2929 869 2982 eut
882 2923 977 2981 solent
999 2930 1049 2982 aut
1069 2928 1207 3003 possunt,
1227 2927 1259 2983 at

155 3011 313 3070 contaeium
329 3016 435 3070 eertum
452 3011 597 3087 quoddam
611 3029 700 3088 genus
715 3009 784 3068 est
775 3028 805 3068 ra
823 3008 994 3068 Graecorum
1008 3009 1152 3068 ritualibus
1170 3008 1259 3088 libris,

154 3096 230 3154 sicut
246 3100 276 3154 et
291 3098 436 3176 troparium
457 3090 552 3200 εῑρός,
573 3115 671 3171 aarum,
692 3089 847 3174 ιιιίθισμοι,
868 3089 1070 3174 προσόμοιον,
1091 3089 1258 3176 τριαδικόν,

154 3173 334 3256 esurimus,
355 3175 578 3262 oravpoiospov,
585 3175 819 3260 ἅναοιοὶοιμον,
846 3185 877 3238 et
898 3182 975 3281 apud
994 3199 1046 3238 nos
1064 3199 1171 3254 ιιοιιιιι,
1199 3199 1260 3238 uer·

155 3266 253 3339 deuii,
282 3265 428 3340 graduale,
462 3273 583 3341 tractus,
610 3270 760 3346 sequeutia,
790 3269 952 3366 responsaria
982 3270 1012 3323 et
1040 3265 1122 3323 huius
1148 3265 1259 3364 generis

156 3350 229 3428 elia,
243 3367 317 3425 quae
329 3351 419 3409 aliene
433 3351 529 3432 lingua
549 3357 600 3410 aut
626 3369 742 3430 prorsas
766 3351 881 3428 exprimi
905 3354 955 3408 aut
974 3353 1119 3418 commode
1142 3347 1260 3427 exprimi

156 3455 217 3495 non
240 3441 369 3514 possunt.
396 3435 481 3497 miror
501 3443 596 3496 autem
618 3436 687 3513 quid
704 3435 906 3494 correctoribus
924 3436 1062 3493 Bonefidii
1085 3437 1115 3494 in
1131 3440 1261 3494 mentem

156 3521 281 3600 venerit,
301 3527 432 3596 atquem
444 3523 491 3581 ille
502 3527 616 3582 vacuet
629 3517 791 3602 praesertum
807 3525 1000 3594 cmtaciorum,
1016 3521 1071 3598 ipsi
1092 3522 1260 3598 interpreta-

157 3611 256 3666 rentur
266 3607 433 3685 praesectum
445 3609 632 3687 pugillarium.
659 3625 714 3684 ego
732 3607 799 3688 quid
814 3605 868 3664 sibi
877 3607 1026 3685 pugillares
1042 3625 1092 3666 seu
1110 3605 1263 3686 pugillaria

158 3694 228 3753 haec
242 3692 346 3770 velint,
373 3711 481 3751 mecum
501 3699 636 3771 exputare
657 3712 776 3768 nequeo.
803 3696 849 3750 est
873 3698 968 3750 autem
987 3693 1141 3771 praefectur
1166 3697 1263 3750 cauta-

159 3782 260 3837 ciorum
278 3777 325 3835 ille
345 3778 389 3836 cai
410 3798 478 3838 cura
498 3778 648 3838 inchoandi
665 3778 793 3838 mutacio
812 3779 967 3838 commhsa.
996 3779 1104 3836 sedda
1130 3775 1263 3838 contaciis
1323 3833 1327 3840 ,

160 3863 241 3941 plura
256 3863 343 3921 habes
359 3882 447 3942 supra
462 3884 485 3924 c.
501 3871 530 3930 7.
999 3871 1017 3898 ‘

227 3956 378 4018 ιιοιιτοέιιιοιι
389 3961 432 4014 hic
445 3960 507 4032 (alia
518 3977 627 4032 namque
637 3962 774 4044 praeterea
785 3959 881 4028 refert)
894 3961 1012 4014 modulus
1024 3961 1064 4011 est
1074 3957 1187 4024 brevior,
1205 3951 1261 4012 oleri

161 4029 213 4084 uari
233 4031 336 4084 κοντοῦ
357 4048 375 4083 a
394 4033 524 4085 breuitate
546 4047 637 4083 nomen
654 4030 774 4096 sortitus3
796 4029 953 4098 maximeque
971 4034 1134 4088 sanctorum,
1156 4041 1264 4110 quorum

162 4116 213 4153 non
243 4103 283 4153 est
306 4099 438 4161 officium,
464 4099 591 4152 memoriis
607 4098 711 4153 brevius
729 4099 852 4152 iaciendis
879 4098 1009 4151 deservit:
1038 4097 1192 4148 breviculum
1205 4092 1266 4147 ahbi

121 4209 124 4214 .
162 4170 265 4223 rocavi.
299 4170 395 4256 quique
418 4137 458 4226 his
469 4169 605 4224 enormen
623 4166 774 4240 praeficitur
794 4173 822 4222 et
841 4165 966 4232 intendit,
992 4171 1032 4218 est
1054 4157 1190 4218 auctori*
1169 4181 1294 4234 αρχον-

162 4239 218 4292 raia
236 4238 400 4294 κοοτοοιίωιι.

598 4363 803 4386 ...Qu-annu·-
