2822 4684
171 267 246 340 τοι
330 262 611 334 nnarsamar
625 260 761 330 eoam
774 259 1111 329 contanNTnmus

170 429 218 484 diti
235 427 381 500 Graecique
398 426 448 482 viri
461 426 616 482 anctmitnte
632 421 749 492 laudato,
767 385 873 478 lacinias
888 421 1075 494 lemniscosque
1085 421 1208 479 mnium
1222 441 1273 480 ae·

168 500 247 570 liquis
271 498 394 552 Romanis
416 497 559 566 relinques,
583 501 610 548 et
631 495 657 548 lu
674 493 820 547 recentiore
838 493 998 546 Graecarum
1015 491 1126 546 vestium
1143 511 1191 550 neu
1207 513 1273 549 non-

143 635 149 650 !
168 570 218 624 nisi
235 569 303 639 qued
321 568 409 622 oculus
426 569 508 620 ceruit
525 571 553 620 et
570 565 636 619 rotie
654 564 745 620 suadet
761 561 906 618 adnotabis.
926 615 929 622 ,

254 702 282 762 p.
300 683 338 746 13
358 701 384 742 v·
406 683 454 746 11.
486 673 655 758 ταμιιοίριον
677 698 730 758 pro
755 669 928 757 καππάριον
954 673 1014 734 sive
1033 670 1218 758 ταββιίριον,
1237 685 1272 739 ut

170 763 345 848 μαμπιίριον
369 759 563 849 μαπποίριον,
585 759 732 846 σ’μφίκιον
748 756 913 843 σ’φφίκιον,
933 759 1062 822 Italicum
1080 765 1206 839 calano,
1224 785 1273 846 pc-

168 853 250 927 ονία,
272 852 400 931 τίιίατογι.
1209 865 1218 888 ·

238 963 410 1034 ταμτοίριον]
441 965 557 1034 eburone
592 961 764 1033 imperatorio
804 960 837 1016 ed
868 960 949 1034 peden
985 959 1118 1029 minens,
1153 962 1272 1020 milliaris

172 1051 349 1105 nonnunquam
381 1044 410 1088 et
442 1035 556 1092 brevior.
591 1033 698 1090 Nicetes
720 1033 746 1085 in
768 1031 890 1086 biennale
917 1033 1136 1088 commeantis
1161 1033 1198 1103 τῇ
1219 1029 1271 1103 μὶν

171 1099 291 1176 itepide
307 1105 359 1158 τοῦ
375 1100 500 1173 σώματος
516 1102 669 1171 secretione
684 1096 734 1156 τὸν
751 1096 844 1168 λόγον.
880 1100 950 1156 cuins
973 1100 1025 1154 alie
1047 1101 1124 1156 lectio
1142 1101 1207 1157 iuter
1221 1118 1271 1156 ra-

172 1173 226 1226 ries
243 1174 332 1226 scribit
349 1173 390 1242 τῷ
405 1169 456 1242 μὲν
470 1170 617 1244 ταμπαρίρο
635 1170 687 1224 cori
703 1165 828 1238 σώματος
844 1170 995 1239 capudines
1012 1164 1063 1224 cdv
1073 1167 1165 1238 ίύγον.
1184 1178 1212 1225 nt
1223 1190 1271 1242 ge-

172 1249 272 1295 reretur
290 1243 331 1296 vel
350 1259 441 1311 corpus
460 1240 584 1308 ambiret,
608 1239 672 1292 haec
695 1239 747 1291 alie
764 1237 897 1309 scriptoris
914 1239 1025 1292 eiusdem
1042 1239 1124 1293 verbu
1141 1241 1272 1296 declarant

172 1311 191 1364 1.
210 1313 242 1366 ³:
260 1304 385 1380 γίαμῦδοι
402 1305 562 1379 drippione
579 1303 757 1376 oiococooe'ocrv
774 1306 838 1376 περί
854 1303 905 1360 τὸν
928 1302 1020 1374 δεξιὸν
1044 1298 1120 1376 ὦμον
1135 1325 1272 1375 oeconon-

172 1375 269 1451 μένην,
287 1379 336 1434 καί
352 1377 483 1446 ἀφιεῖσαν
501 1373 655 1463 ίίρνθίραν
671 1372 724 1447 τὴν
754 1380 816 1460 εἶρα
833 1372 905 1430 κατὰ
918 1371 951 1430 τί
969 1372 1114 1446 πόρπημα.
1148 1379 1191 1432 nbi
1208 1397 1271 1464 vero

170 1447 599 1587 ppppeppllptpme'icpugppppcomo
626 1445 667 1502 rel
692 1396 850 1518 ταίβαριον
877 1445 1012 1518 legendum
1040 1453 1115 1518 putat
1142 1447 1271 1506 Meurnuo

178 1643 181 1650 ’
258 1624 354 1684 Iunius
369 1625 399 1683 in
412 1624 523 1683 Codino
534 1621 683 1682 confundit
694 1625 859 1699 margaritae
871 1641 936 1681 oum
949 1621 1094 1698 nergeliia
1109 1627 1140 1681 et
1153 1623 1183 1681 id
1195 1625 1272 1700 qnod

174 1729 209 1769 er
224 1711 363 1788 margellis
375 1715 495 1788 constet
513 1728 576 1767 cum
585 1707 631 1766 illo
647 1709 724 1785 quod
736 1713 849 1767 constat
864 1727 898 1766 ex
907 1707 1080 1786 margaritis,
1101 1727 1164 1767 cum
1177 1714 1274 1769 tamen

174 1795 252 1856 haud
266 1797 366 1874 exiguo
383 1795 539 1854 discrimine
554 1795 668 1854 distent
689 1812 755 1852 nam
770 1791 905 1872 margella
920 1793 1060 1870 significat
1084 1790 1117 1873 1)
1131 1793 1273 1856 corallium

173 1881 312 1960 lapidem,
339 1880 374 1960 2)
391 1883 489 1940 florem
502 1898 554 1938 aen
567 1877 681 1940 herbam
699 1879 901 1958 magauidem,
922 1897 994 1955 quae
1012 1879 1115 1940 rubore
1130 1880 1273 1942 corallium

173 1967 315 2028 mentitur.
359 1965 465 2026 Gallice
481 1965 631 2042 nergelitae
648 1983 699 2026 seu
717 1965 890 2042 nergelitae,
919 1964 1000 2039 quasi
1016 1983 1126 2026 morsus
1145 1965 1273 2044 gallinae.

172 2051 313 2130 Aeginetis
325 2053 485 2132 κοραίίίαν
500 2049 632 2130 appulae
660 2047 695 2128 3)
709 2049 739 2108 id
753 2049 829 2125 quod
845 2051 943 2108 florem
953 2055 982 2108 et
996 2049 1118 2128 lapidem
1131 2051 1273 2111 corallium

172 2139 306 2198 imitatur.
337 2135 372 2216 4)
387 2137 475 2198 omnis
495 2135 607 2214 generis
624 2135 748 2214 pretiosa
761 2140 791 2194 et
809 2134 959 2194 discoloria
970 2142 1131 2228 assumente
1147 2137 1273 2196 vestibus

172 2223 325 2304 superaddi
349 2222 439 2285 solita
476 2219 652 2304 μαργίλλιον
672 2239 758 2300 saepe
777 2221 852 2279 idem
873 2220 1012 2298 significat
1035 2222 1112 2296 quod
1132 2223 1273 2300 murgelio.

173 2307 327 2384 aliqnando
339 2305 511 2388 margellium
526 2312 571 2366 est
583 2305 691 2366 fimbria
705 2325 755 2366 seu
767 2305 868 2366 limbus
885 2326 919 2365 ex
934 2303 1070 2384 margella
1087 2326 1137 2366 seu
1151 2308 1272 2368 corallio.

171 2391 388 2472 Moschopulus:
418 2397 506 2472 lupa
524 2387 557 2456 cd
580 2385 630 2454 ἄπ’
658 2389 752 2495 ἄκρον
773 2387 853 2466 τινὸς
887 2391 1079 2474 ἐκτεταμένον
1104 2391 1157 2454 καί
1178 2391 1274 2456 οἱονεί

173 2473 275 2559 ὅρίζον
291 2472 383 2554 αὐτό,
404 2475 446 2552 νίς
464 2473 499 2540 eri
513 2481 623 2550 κοινοῖς
643 2480 805 2558 λεγομσνον
820 2473 1004 2558 puppii-icoo.
1026 2471 1191 2556 ίωμοῖτιον,
1207 2499 1272 2558 ρατ-

173 2562 238 2624 cula
247 2563 377 2644 srmbrc‘a,
402 2582 502 2644 porcus
525 2563 620 2626 limbus
641 2581 686 2622 cru
708 2562 845 2622 liminius.
861 2559 958 2642 'porro
981 2583 999 2623 a
1022 2567 1108 2642 luipo
1124 2559 1159 2626 τιν’
1174 2558 1274 2642 λοιμό-

173 2671 240 2710 τιον
255 2655 354 2708 natum
370 2649 481 2707 videtur
496 2647 692 2706 Germanicum
712 2667 870 2723 somenam,
892 2650 1019 2728 fimbria,
1038 2651 1096 2710 lin
1117 2647 1273 2709 Smutato.

172 2733 324 2794 Balsamon
343 2735 381 2794 ad
403 2737 444 2798 27
465 2752 600 2794 mnunem
620 2733 800 2794 Trulla'num:
821 2725 896 2796 illd
918 2729 955 2796 cri
974 2737 1122 2816 πολυτελῆ
1147 2729 1276 2836 γρνσοΰ·
1389 2731 1391 2804 Ῑ

174 2841 275 2898 macra
297 2815 484 2900 ίπτβλήματα
508 2816 544 2881 τοί
566 2821 734 2899 δημοτικῶς
755 2813 901 2901 λεγόμενα
918 2817 1092 2902 μαργέίλια,
1117 2843 1276 2901 γραμματα
1390 2815 1391 2866 ί

173 2902 227 2967 καί
242 2897 410 2977 σίντίπανα,
426 2902 477 2966 καί
490 2900 527 2965 τοί
538 2903 571 2965 icc
580 2901 962 2984 κογχύληςπορφνρίζοντα
982 2903 1093 2986 ίμάτια.
1119 2912 1276 2985 gramacula

55 2991 59 3002 '
175 2995 202 3048 et
212 2994 350 3066 anteparta,
365 2989 446 3090 (passi
460 2989 546 3067 panni
562 2990 663 3068 pannis
678 2989 818 3068 oppositi,
831 2996 857 3049 el
867 3009 1003 3069 purpurea
1018 2994 1180 3054 neumae.
1203 2997 1276 3070 puto

174 3073 325 3152 legendum
342 3096 482 3154 γαμμοιτα
502 3093 554 3152 pro
568 3068 743 3153 ppcippotc:
762 3093 828 3134 nam
842 3081 925 3134 vectes
941 3081 1094 3152 gemmulae
1108 3081 1193 3136 notae
1206 3082 1275 3153 sunt

176 3159 253 3237 apud
269 3158 410 3236 Graecos,
431 3165 461 3222 et
476 3159 505 3216 in
524 3157 699 3219 Balsamonis
712 3160 814 3218 meleta
831 3161 868 3218 de
886 3159 1110 3221 Patriarcharum
1124 3161 1275 3240 privilegiis
1389 3191 1390 3194 τ

175 3245 263 3305 habes
281 3239 432 3327 στιγάριον
446 3239 497 3307 deci
507 3239 678 3324 γαμμιίτων.
697 3245 772 3304 idem
790 3245 941 3304 Βαίτοιοοο
959 3248 1142 3306 adcanonem
1155 3252 1194 3313 16
1207 3267 1275 3306 coa-

176 3331 230 3390 cilii
250 3331 379 3410 septimi,
401 3331 478 3408 qnod
504 3335 550 3388 est
573 3329 726 3389 secundum
747 3329 917 3408 Niceenum,
943 3328 1013 3394 οίίττ
1029 3327 1098 3394 τινὰ
1118 3326 1276 3416 ἑτερόχροα

178 3414 365 3497 ίπιβίὴματιι
376 3415 594 3495 προσετίθεσαν
608 3415 641 3480 ἐν
657 3423 720 3488 τοῖς
741 3413 846 3496 ι’ίκροις
865 3421 926 3478 τοῖν
944 3415 1070 3495 ἱματίων
1086 3413 1183 3499 ἤγουν
1198 3441 1276 3500 μαρ-
1388 3449 1389 3474 1

175 3499 284 3582 γὲλίια.
305 3502 353 3560 nbi
374 3501 605 3560 doctissimus-vir
625 3501 781 3562 Gentianus
795 3503 937 3562 Hervetus
951 3504 989 3561 ad
1004 3503 1158 3580 marginem
1177 3509 1275 3564 notet:

177 3587 319 3667 μοργὲίια
339 3586 393 3667 (sic
414 3589 488 3646 enim
509 3584 619 3666 scribit)
637 3588 813 3666 polodictum
831 3609 884 3646 csse
903 3607 922 3646 ο
942 3589 1069 3662 Graecis,
1089 3595 1215 3668 camapio
1230 3589 1275 3648 di·

174 3677 274 3748 ctione,
297 3674 376 3747 quasi
397 3673 573 3749 marginalia.
594 3671 638 3731 cui
650 3672 823 3731 coniecturae
843 3673 911 3748 quid
929 3674 1195 3732 verisimilitudinem
1208 3693 1277 3732 cou-

174 3757 265 3834 ciliet,
285 3757 352 3815 nihil
368 3759 449 3817 video
468 3763 580 3835 praeter
600 3757 743 3816 nominum
757 3758 898 3834 quandam
915 3759 1139 3820 similitudinem.
1161 3765 1191 3818 et
1210 3758 1277 3834 quia

173 3843 204 3900 in
225 3843 364 3920 margellis
391 3849 424 3902 ct
450 3842 598 3920 margelliis
618 3861 775 3921 versamur,
813 3844 936 3902 Cedreni
965 3844 1057 3904 locum
1080 3845 1111 3903 in
1139 3843 1278 3905 Michaiile

175 3929 338 3988 Stratiotico
349 3930 515 4006 imperatore
531 3928 721 3986 adscribamus
737 3925 768 3987 et
785 3928 960 4006 explicemus.
983 3925 1017 3994 τό
1033 3953 1064 3992 τε
1080 3925 1139 4011 γαρ
1158 3924 1279 4013 λεγόμε-

175 4037 232 4077 νον
254 4009 429 4095 στρατήγιον
455 4009 719 4120 ἀνακαθαίρεσθαι
739 4013 890 4086 ἐκέλευσε,
919 4013 971 4076 καί
991 4010 1126 4088 caigneio
1146 4017 1279 4078 πολιτῶν

176 4095 309 4178 κεφαλὰς
321 4099 498 4176 σκέπισθαι,
521 4094 562 4180 μὴ
576 4099 625 4160 δια
641 4095 821 4178 γραμμάτων
840 4097 882 4173 τίς
903 4103 978 4170 νῦν,
997 4093 1069 4162 cilici
1085 4094 1136 4162 deci
1152 4103 1280 4180 μαργεί·

177 4182 358 4263 λογράμμων
380 4177 517 4246 ὀθονίων
546 4181 579 4246 ἐκ
609 4177 725 4264 βύσσον
753 4187 914 4264 πορφυρᾶς
935 4181 1159 4264 ίξνφασμίνων.
1197 4188 1280 4244 iucrr't

177 4269 266 4349 (idern
288 4269 480 4348 Stratioticus)
504 4273 651 4348 expugnari
672 4274 828 4350 analogiam
852 4276 904 4330 etc.
929 4276 955 4330 et
983 4273 1076 4351 cupita
1100 4273 1199 4332 aicium
1223 4274 1283 4348 tegi
