2802 4686
156 295 230 370 160
317 291 528 364 auersum
539 291 596 360 ΕΤ
610 288 741 360 GOARl
754 287 1090 362 commutaturus

152 477 203 520 car
222 455 350 520 Codinos
363 469 452 520 auum
468 459 607 520 duntaxat
622 451 771 517 nouuatt
790 471 829 516 aa
843 473 931 517 unum
945 453 1119 516 nominando
1135 453 1261 536 reliquos

152 541 362 623 subintelliffl'ti
381 561 419 606 aa
433 537 489 605 tete
508 539 692 604 chartrrlaiius
707 541 756 621 qai
771 541 802 600 in
814 553 891 602 noua
904 540 1045 622 pentude,
1066 542 1193 602 diversus
1214 548 1262 604 cst

152 649 173 692 a
195 629 370 691 chartulariis
392 631 513 708 maguae
534 623 667 708 sacellos,
695 623 900 707 sceuophylacii
924 623 993 687 etet
1018 625 1073 686 sed
1092 627 1172 705 quod
1196 629 1261 688 offi-

153 715 250 776 ciam?
266 715 362 775 Iunius
373 717 516 796 expedite:
536 717 645 775 aduam
656 731 730 774 vcra
755 710 774 776 ἆ
782 706 997 794 repropiciasse
1009 713 1182 792 prripublicir
1197 713 1263 774 lite·

153 805 195 862 rie
215 799 314 860 tabidis
335 803 568 880 iaatraascrrtirqoc
590 797 717 860 wasidio
739 802 766 856 et
783 797 962 858 retractandis
982 801 1142 858 emetiatur
1161 803 1208 859 ert.
1229 804 1262 858 at

34 898 40 904 ⁴
152 885 210 946 hoc
222 885 343 946 officium
356 887 479 964 pertinet
492 885 531 946 ad
548 883 792 962 chartophylacem
810 883 927 959 eiusque
947 882 1131 942 chartularios
1144 901 1196 943 seu
1208 883 1263 944 ad-

155 970 314 1048 ministros,
341 969 410 1032 item
431 971 469 1031 ad
485 970 712 1051 protonotarium
735 973 766 1028 et
785 967 897 1029 similes.
925 986 963 1027 arr
992 967 1178 1029 chartularius
1205 969 1263 1028 iste

155 1057 231 1115 inter
253 1055 371 1116 lectores
390 1055 530 1136 peculiare
546 1056 682 1136 quiddam
697 1053 858 1132 obtinebat,
877 1053 988 1114 ratione
1008 1056 1087 1115 cuius
1102 1053 1264 1116 chutrrlarii

158 1159 262 1204 nomen
272 1141 439 1223 acceperat?
461 1229 464 1239 ¹

229 1280 417 1350 Raglrtrorrm,
432 1279 587 1349 chartam,
607 1275 780 1333 corhcffloruur
796 1290 862 1332 auur
878 1275 929 1332 ribi
938 1275 1082 1348 impositum
1092 1277 1136 1334 val
1146 1277 1202 1332 solo
1214 1295 1264 1334 uo·

160 1349 407 1408 minechartulariua
423 1348 533 1404 indicata
558 1365 664 1418 quorum
681 1363 744 1400 vero
761 1345 997 1401 commentariomm
1016 1363 1101 1402 curam
1120 1348 1265 1419 amceperit

159 1421 204 1475 hta
216 1420 350 1492 privatim,
368 1436 402 1473 cx
421 1418 542 1489 genedea
551 1415 726 1500 communique
737 1431 803 1468 voca
812 1431 864 1468 noa
874 1415 953 1470 iaclle
967 1415 1148 1486 assignaveris.
1181 1417 1265 1470 sacel-

160 1488 226 1542 lnrlo
247 1492 273 1542 et
290 1504 426 1542 caconem
445 1488 544 1560 pariter
560 1485 667 1554 legimur
683 1501 709 1538 m
721 1484 897 1554 superioribus
914 1485 1093 1539 ahamohriam
1110 1485 1266 1554 minuetum,

159 1557 271 1622 laborlr‚
293 1563 323 1611 ut
341 1557 377 1612 ait
397 1557 547 1622 sunnon
576 1550 773 1624 capprororrlve
796 1553 918 1608 hierarc
936 1554 1047 1628 lectopaa
1064 1554 1132 1609 iuter
1152 1560 1181 1608 at
1201 1571 1266 1608 cau-

160 1631 233 1681 taraa
254 1627 396 1681 recensitus
421 1623 609 1680 wmmeotariir
627 1631 655 1678 et
671 1621 797 1676 memoriis
815 1639 866 1676 noa
887 1623 915 1676 iu
932 1623 939 1638 '
959 1624 966 1638 '
992 1630 1005 1677 t
1022 1625 1079 1679 aliis
1102 1640 1180 1694 quam
1198 1641 1267 1694 quae

162 1695 274 1750 lectores
293 1703 321 1749 ct
337 1702 456 1750 cantores
467 1694 582 1760 decant,
600 1690 778 1746 accleaiirticis
789 1689 910 1745 videlicet
923 1691 942 1746 li
960 1691 995 1747 ris
1006 1691 1180 1764 proterendis,
1197 1710 1266 1761 quo-

163 1781 221 1820 rum
231 1760 306 1834 copia
317 1781 373 1817 cum
383 1764 540 1833 trigesimum
552 1769 658 1832 superet
669 1775 809 1815 numeram.
821 1761 951 1814 custodem
964 1763 1092 1833 privatum
1110 1777 1162 1815 noo
1177 1761 1267 1816 laome-

161 1833 215 1889 rito
235 1833 283 1886 sibi
300 1833 415 1903 exposcit
435 1831 621 1901 assignandum.
656 1832 721 1884 haec
741 1829 867 1884 Antonius
883 1829 969 1886 Oualla
987 1831 1033 1886 GP
1051 1832 1134 1885 lector
1151 1831 1266 1899 rettulit;
1303 1857 1307 1864 ·
1327 1855 1329 1860 ·

163 1902 205 1956 cui
227 1917 279 1957 uon
299 1903 416 1974 displicet
432 1907 599 1954 memoratam
621 1899 654 1952 ab
671 1898 805 1953 Allatlauia
820 1898 943 1953 decanum
960 1915 1017 1954 cam
1033 1899 1186 1954 ammulodo
1204 1917 1268 1954 cou-

162 1970 280 2027 faudes
316 1967 478 2040 ὁδεπανός,
492 1971 611 2040 inquinat
625 1969 686 2033 illa,
701 1963 870 2030 autoretatis
887 1964 971 2037 laprio
986 1963 1017 2024 ἕν
1032 1973 1092 2032 soie
1108 1963 1122 2024 i
1140 1964 1268 2039 χομὲνοις

163 2031 258 2096 aiacis
275 2035 451 2110 θιααιῶμααι.
487 2053 602 2094 ruraama
620 2031 766 2102 ὄδινανὸς
780 2035 830 2092 ἵνα
840 2038 913 2108 καλῇ
927 2034 1089 2104 ruricicurte
1104 1987 1146 2101 aie
1160 2034 1196 2092 ccl
1215 2035 1268 2092 ord-

162 2109 220 2164 τῶν
237 2108 414 2178 δικαιώματα
432 2104 481 2162 καὶ
496 2102 721 2176 concoeptum.
755 2106 858 2176 quantis
879 2122 942 2160 vero
962 2108 1058 2162 tabulis
1082 2107 1177 2161 chartis
1193 2107 1267 2162 aodi-

164 2178 231 2232 cillir
247 2184 274 2232 et
291 2179 396 2248 seriptis
412 2177 569 2245 nicolaita,
594 2177 686 2246 quibos
703 2174 840 2229 attendere
858 2176 926 2229 solat
943 2175 1128 2244 theuderius,
1144 2191 1210 2248 opus
1225 2176 1269 2249 ait,

164 2247 245 2306 efiam
255 2247 296 2302 vlr
306 2245 487 2316 integerrimae
500 2245 670 2301 consolantiae
680 2244 892 2316 fidelissimaeque
902 2246 1040 2301 memoriae
1048 2247 1155 2306 semu.

251 2374 331 2436 luter
343 2375 498 2455 dignitates
512 2373 651 2456 palatinas
664 2378 711 2433 est
730 2371 750 2437 d
770 2371 861 2460 μέγας
879 2373 1068 2438 clamatoriae.
1091 2378 1155 2456 quis
1172 2377 1269 2458 fuerit,

165 2461 252 2522 docet
272 2460 402 2522 Zonaras
422 2463 453 2522 iu
475 2461 573 2523 Leone
601 2460 738 2520 Isaurico:
766 2457 785 2524 ὁ
806 2464 868 2521 aaa
898 2461 1062 2542 βασιλικῶν
1089 2461 1270 2544 ἱπποκόμων

162 2545 348 2624 lamatio,
366 2548 521 2629 praefactae
534 2549 712 2626 imperatoriis
724 2547 898 2624 apiscitur.
918 2548 1087 2626 pertinuisse
1101 2550 1270 2628 dignitatem

163 2631 239 2692 hanc
254 2633 292 2692 ad
311 2653 406 2692 auram
416 2633 520 2693 stabuli
532 2633 603 2710 regii
616 2632 700 2690 docet
720 2630 781 2708 ipse
794 2630 938 2710 Codiuus,
958 2651 1060 2692 munus
1078 2637 1174 2714 magui
1187 2634 1270 2694 char·

164 2717 260 2778 tularii
280 2718 421 2797 explicans
442 2739 465 2780 a
485 2721 514 2786 5.
539 2719 594 2778 iuit
614 2719 688 2776 inter
699 2717 829 2777 militaria
838 2717 929 2776 officia
938 2719 1129 2809 modulamur.
1144 2722 1175 2779 id
1186 2721 1271 2798 liqui-

166 2804 235 2862 dum
247 2821 283 2864 ex
296 2801 393 2864 Ireoue
406 2806 589 2886 imperatore,
612 2803 660 2879 qui
681 2802 786 2862 diataxi
809 2804 894 2862 tertia
906 2823 970 2862 cum
991 2807 1186 2884 protonotario
1206 2805 1271 2864 the-

169 2888 253 2948 matis
270 2893 301 2947 et
318 2909 381 2948 cum
396 2897 527 2968 praetore
540 2891 599 2948 sive
617 2888 709 2946 iudica
722 2888 854 2947 thematis
867 2895 996 2949 numerat
1019 2909 1133 2968 quoque
1155 2893 1271 2950 chartu-

169 2971 270 3032 larium
287 2973 436 3056 thematis,
458 2993 542 3051 quem
559 2972 745 3034 comtitutum
764 2973 832 3032 dicit
850 2969 1065 3056 capiceriam
1079 2981 1206 3059 στρατοῦ
1217 3001 1273 3039 να-

169 3053 330 3140 παγραφὴν
343 3057 395 3120 καὶ
416 3055 617 3140 ἀναζήτησιν,
636 3057 803 3119 leuatam
826 3065 852 3118 et
869 3060 1021 3120 receacarlo
1039 3067 1177 3123 meaa.
1205 3063 1272 3122 vide

169 3139 326 3219 ltigddum
338 3141 425 3202 verbo
437 3145 641 3224 protonotarios.
662 3143 711 3218 qui
725 3145 783 3203 sint
797 3143 911 3204 batanea
927 3145 1100 3222 abadaiarii,
1121 3149 1212 3208 disces
1234 3167 1271 3208 ex

171 3227 286 3288 Caiacio
302 3229 452 3290 observat
464 3227 485 3292 4
498 3229 528 3296 6.
549 3229 615 3290 vide
632 3229 754 3290 eundem
772 3229 809 3290 de
830 3229 1003 3292 chartulmiis
1020 3233 1058 3293 ab
1075 3233 1123 3294 lib.
1146 3235 1187 3300 10
1207 3235 1272 3294 cod.
1387 3259 1388 3268 ι

167 3311 268 3375 Iustiu.
283 3315 328 3375 aa
347 3317 389 3384 28
408 3322 439 3376 et
454 3313 587 3375 intralib.
600 3319 623 3380 2
638 3318 702 3379 ea.
1135 3359 1138 3366 »

255 3462 284 3520 p·
299 3445 320 3508 6
333 3461 360 3503 v.
376 3442 424 3508 18.
453 3441 583 3504 Tertium
595 3439 687 3502 locum
696 3441 806 3503 obtinet
820 3437 839 3508 d
851 3438 1021 3520 δεποπᾶνος.
1035 3442 1141 3506 Citrius
1154 3437 1272 3504 numero
1297 3429 1299 3435 ⁸

168 3522 354 3586 multitudinis
369 3525 535 3592 δεποτάποι.
556 3534 692 3608 quantun
705 3545 827 3589 errorem
841 3527 938 3588 lunius
952 3531 1120 3592 commiserit
1132 3530 1180 3590 fol.
1198 3526 1273 3606 194,

169 3613 305 3691 deceptus
324 3613 445 3674 lectione
465 3615 553 3694 falsa,
581 3631 666 3692 qaam
691 3613 772 3674 facila
796 3615 945 3674 mendara
972 3621 1100 3696 poterat,
1127 3618 1183 3676 ium
1206 3615 1274 3675 alibi

59 3701 83 3758 Ρ
101 3701 152 3758 178
169 3697 275 3758 dictum
292 3704 338 3756 est
355 3697 407 3782 (ad
427 3721 455 3780 p.
469 3701 512 3764 93
531 3697 595 3782 22).
615 3701 646 3758 in
659 3699 771 3759 scholiis
791 3717 850 3760 nou
865 3701 958 3760 miuus
976 3702 1087 3782 ineptit.
1110 3697 1127 3768 ὁ
1147 3695 1275 3764 isaari·

168 3803 236 3858 τος,
263 3783 387 3856 barbare,
415 3785 580 3845 chartulario
610 3785 752 3845 adiunctas
776 3779 993 3870 ἀντιγραφεύς,
1024 3805 1098 3868 prat
1122 3788 1220 3864 uolgo,
1241 3792 1275 3845 ut

168 3865 298 3930 Budaeus
322 3869 455 3948 tapsar,
483 3871 744 3930 contrarotalatorear
769 3877 874 3932 amarit.
903 3872 1052 3951 praeclare.
1083 3873 1195 3931 iuterim
1218 3889 1274 3930 uos
1378 3903 1382 3916 ·

168 3955 315 4014 credamus
339 3955 447 4034 Citrio,
476 3957 526 4031 qui
549 3955 670 4035 deputati
690 3971 792 4015 munus
810 3974 869 4016 nou
887 3963 1017 4018 numerat
1029 3959 1104 4018 iuter
1120 3957 1227 4036 officia,
1242 3956 1275 4015 iu

170 4057 228 4118 quo
249 4057 268 4100 a
289 4041 400 4100 Codiuo
414 4041 570 4121 dissentit,
596 4041 648 4101 sed
676 4041 752 4102 inter
776 4042 934 4120 διακονίας
959 4061 1011 4104 seu
1035 4043 1195 4103 ministeria
1220 4042 1275 4100 sed

172 4123 306 4203 quicquid
329 4127 368 4186 sit
389 4127 427 4186 de
453 4126 524 4204 hoc,
548 4127 627 4204 quod
652 4125 853 4208 deputatorum
875 4144 977 4190 mamus
995 4135 1087 4208 meet,
1115 4129 1159 4190 his
1180 4127 1276 4188 verbis

174 4211 275 4271 docet:
303 4212 337 4277 ol
354 4205 510 4289 isaoroiroc
531 4209 565 4274 di
582 4213 873 4316 ιιιανδνοφοραῦνπες
891 4211 963 4296 μετὰ
975 4209 1145 4295 ’λαμπάδων
1158 4233 1278 4296 προπο-

175 4291 317 4377 ρεύονται
332 4301 389 4364 cori
405 4319 437 4364 rr
454 4297 543 4383 syloe
556 4300 747 4384 aoranae,
766 4295 858 4366 ὁπότε
869 4293 1052 4384 ἀναφέρεται
1076 4299 1120 4372 ale
1140 4294 1195 4361 rio
1218 4291 1278 4379 iip-
