<?xml version="1.0" encoding="UTF-8"?>
<!DOCTYPE html PUBLIC "-//W3C//DTD XHTML 1.0 Transitional//EN"
    "http://www.w3.org/TR/xhtml1/DTD/xhtml1-transitional.dtd">
<html xmlns="http://www.w3.org/1999/xhtml" xml:lang="en" lang="en">
 <head>
  <title>
</title>
<meta http-equiv="Content-Type" content="text/html;charset=utf-8" />
  <meta name='ocr-system' content='tesseract 3.04.00' />
  <meta name='ocr-capabilities' content='ocr_page ocr_carea ocr_par ocr_line ocrx_word'/>
</head>
<body>
  <div class='ocr_page' id='page_1' title='image "./deofficialibusp00bekkgoog/deofficialibusp00bekkgoog_0282.png"; bbox 0 0 2798 4690; ppageno 0'>
   <div class='ocr_carea' id='block_1_1' title="bbox 155 263 1086 358">
    <p class='ocr_par' dir='ltr' id='par_1_1' title="bbox 155 263 1086 358">
     <span class='ocr_line' id='line_1_1' title="bbox 155 263 1086 358; baseline -0.004 -4"><span class='ocrx_word' id='word_1_1' title='bbox 155 283 233 358; x_wconf 85' lang='lat' dir='ltr'>ooo</span> <span class='ocrx_word' id='word_1_2' title='bbox 307 263 589 353; x_wconf 83' lang='lat' dir='ltr'>oanrs&#39;snrnr</span> <span class='ocrx_word' id='word_1_3' title='bbox 606 281 741 352; x_wconf 75' lang='lat' dir='ltr'>ooonr</span> <span class='ocrx_word' id='word_1_4' title='bbox 754 281 1086 352; x_wconf 82' lang='lat' dir='ltr'>conunnrnarns</span> 
     </span>
    </p>
   </div>
   <div class='ocr_carea' id='block_1_2' title="bbox 118 441 1251 853">
    <p class='ocr_par' dir='ltr' id='par_1_2' title="bbox 118 441 1251 853">
     <span class='ocr_line' id='line_1_2' title="bbox 118 441 1251 537; baseline -0.001 -22"><span class='ocrx_word' id='word_1_5' title='bbox 118 472 119 482; x_wconf 58' lang='lat'>¹</span> <span class='ocrx_word' id='word_1_6' title='bbox 236 471 265 534; x_wconf 89' lang='lat' dir='ltr'>p.</span> <span class='ocrx_word' id='word_1_7' title='bbox 275 451 316 519; x_wconf 79' lang='lat'>37</span> <span class='ocrx_word' id='word_1_8' title='bbox 327 471 353 512; x_wconf 87' lang='lat' dir='ltr'>r.</span> <span class='ocrx_word' id='word_1_9' title='bbox 367 453 415 516; x_wconf 89' lang='lat'>11.</span> <span class='ocrx_word' id='word_1_10' title='bbox 437 449 577 534; x_wconf 87' lang='lat' dir='ltr'>palaticia]</span> <span class='ocrx_word' id='word_1_11' title='bbox 597 447 695 509; x_wconf 87' lang='lat' dir='ltr'>Iunius</span> <span class='ocrx_word' id='word_1_12' title='bbox 705 441 895 527; x_wconf 52' lang='lat' dir='ltr'>inoluisse,</span> <span class='ocrx_word' id='word_1_13' title='bbox 909 455 940 510; x_wconf 89' lang='lat' dir='ltr'>et</span> <span class='ocrx_word' id='word_1_14' title='bbox 952 451 1153 532; x_wconf 74' lang='lat' dir='ltr'>interpretatur</span> <span class='ocrx_word' id='word_1_15' title='bbox 1166 471 1251 537; x_wconf 74' lang='lat' dir='ltr'>prae·-</span> 
     </span>
     <span class='ocr_line' id='line_1_3' title="bbox 153 535 1251 616; baseline -0.001 -18"><span class='ocrx_word' id='word_1_16' title='bbox 153 537 247 616; x_wconf 83' lang='lat' dir='ltr'>loogas</span> <span class='ocrx_word' id='word_1_17' title='bbox 262 539 353 600; x_wconf 79' lang='lat' dir='ltr'>lactas</span> <span class='ocrx_word' id='word_1_18' title='bbox 362 541 415 598; x_wconf 83' lang='lat' dir='ltr'>sior</span> <span class='ocrx_word' id='word_1_19' title='bbox 430 544 533 610; x_wconf 83' lang='lat' dir='ltr'>contos,</span> <span class='ocrx_word' id='word_1_20' title='bbox 556 555 619 614; x_wconf 80' lang='lat' dir='ltr'>poor</span> <span class='ocrx_word' id='word_1_21' title='bbox 642 537 755 593; x_wconf 73' lang='lat' dir='ltr'>sarissas</span> <span class='ocrx_word' id='word_1_22' title='bbox 776 543 872 604; x_wconf 81' lang='lat' dir='ltr'>vocant</span> <span class='ocrx_word' id='word_1_23' title='bbox 893 535 1063 598; x_wconf 77' lang='lat' dir='ltr'><em>Macedones.</em></span> <span class='ocrx_word' id='word_1_24' title='bbox 1085 539 1136 595; x_wconf 86' lang='lat' dir='ltr'>sed</span> <span class='ocrx_word' id='word_1_25' title='bbox 1153 537 1251 616; x_wconf 81' lang='lat' dir='ltr'>legen-</span> 
     </span>
     <span class='ocr_line' id='line_1_4' title="bbox 152 617 1250 700; baseline 0.001 -18"><span class='ocrx_word' id='word_1_26' title='bbox 152 625 220 682; x_wconf 89' lang='lat' dir='ltr'>dum</span> <span class='ocrx_word' id='word_1_27' title='bbox 241 625 399 686; x_wconf 67' lang='lat' dir='ltr'>odecimo.</span> <span class='ocrx_word' id='word_1_28' title='bbox 421 617 591 700; x_wconf 77' lang='lat' dir='ltr'>probabilius</span> <span class='ocrx_word' id='word_1_29' title='bbox 617 625 805 680; x_wconf 87' lang='lat' dir='ltr'>commentum</span> <span class='ocrx_word' id='word_1_30' title='bbox 830 622 946 699; x_wconf 84' lang='lat' dir='ltr'>fuisset,</span> <span class='ocrx_word' id='word_1_31' title='bbox 968 622 993 680; x_wconf 83' lang='lat' dir='ltr'>si</span> <span class='ocrx_word' id='word_1_32' title='bbox 1012 621 1067 682; x_wconf 86' lang='lat' dir='ltr'>hoc</span> <span class='ocrx_word' id='word_1_33' title='bbox 1087 643 1189 683; x_wconf 87' lang='lat' dir='ltr'>nomen</span> <span class='ocrx_word' id='word_1_34' title='bbox 1210 623 1250 683; x_wconf 84' lang='lat' dir='ltr'>ab</span> 
     </span>
     <span class='ocr_line' id='line_1_5' title="bbox 152 701 1249 786; baseline -0.002 -16"><span class='ocrx_word' id='word_1_35' title='bbox 152 701 311 770; x_wconf 70' lang='grc' dir='ltr'>ἀπελαύνω</span> <span class='ocrx_word' id='word_1_36' title='bbox 329 708 504 786; x_wconf 84' lang='lat' dir='ltr'>deduxisset,</span> <span class='ocrx_word' id='word_1_37' title='bbox 523 707 603 786; x_wconf 85' lang='lat' dir='ltr'>quasi</span> <span class='ocrx_word' id='word_1_38' title='bbox 623 705 721 764; x_wconf 79' lang='lat' dir='ltr'>hastas</span> <span class='ocrx_word' id='word_1_39' title='bbox 735 705 883 783; x_wconf 74' lang='lat' dir='ltr'>abigendis</span> <span class='ocrx_word' id='word_1_40' title='bbox 902 707 1062 768; x_wconf 81' lang='lat' dir='ltr'>hominibus</span> <span class='ocrx_word' id='word_1_41' title='bbox 1082 727 1116 768; x_wconf 87' lang='lat' dir='ltr'>ac</span> <span class='ocrx_word' id='word_1_42' title='bbox 1128 709 1189 768; x_wconf 83' lang='lat' dir='ltr'>riae</span> <span class='ocrx_word' id='word_1_43' title='bbox 1203 711 1249 768; x_wconf 87' lang='lat' dir='ltr'>fa-</span> 
     </span>
     <span class='ocr_line' id='line_1_6' title="bbox 149 794 399 853; baseline 0.004 -1"><span class='ocrx_word' id='word_1_44' title='bbox 149 794 265 852; x_wconf 85' lang='lat' dir='ltr'>ciendae</span> <span class='ocrx_word' id='word_1_45' title='bbox 274 795 399 853; x_wconf 85' lang='lat' dir='ltr'>idoneas.</span> 
     </span>
    </p>
   </div>
   <div class='ocr_carea' id='block_1_3' title="bbox 148 886 1248 1166">
    <p class='ocr_par' dir='ltr' id='par_1_3' title="bbox 148 886 1248 1166">
     <span class='ocr_line' id='line_1_7' title="bbox 217 886 1248 960; baseline 0 -20"><span class='ocrx_word' id='word_1_46' title='bbox 217 889 281 945; x_wconf 79' lang='lat' dir='ltr'>ibid.</span> <span class='ocrx_word' id='word_1_47' title='bbox 313 886 455 945; x_wconf 70' lang='grc' dir='ltr'><strong><em>πιλατίκια</em></strong></span> <span class='ocrx_word' id='word_1_48' title='bbox 483 887 603 944; x_wconf 72' lang='lat' dir='ltr'>militaria</span> <span class='ocrx_word' id='word_1_49' title='bbox 625 887 677 960; x_wconf 86' lang='lat' dir='ltr'>pila</span> <span class='ocrx_word' id='word_1_50' title='bbox 700 887 792 959; x_wconf 87' lang='lat' dir='ltr'>quibus</span> <span class='ocrx_word' id='word_1_51' title='bbox 816 887 938 942; x_wconf 81' lang='lat' dir='ltr'>vexillula</span> <span class='ocrx_word' id='word_1_52' title='bbox 968 888 1025 941; x_wconf 87' lang='lat' dir='ltr'>siva</span> <span class='ocrx_word' id='word_1_53' title='bbox 1051 888 1128 947; x_wconf 82' lang='lat' dir='ltr'>exilia</span> <span class='ocrx_word' id='word_1_54' title='bbox 1152 889 1248 946; x_wconf 78' lang='lat' dir='ltr'>vexilla</span> 
     </span>
     <span class='ocr_line' id='line_1_8' title="bbox 148 955 1247 1042; baseline 0.004 -33"><span class='ocrx_word' id='word_1_55' title='bbox 148 963 209 1010; x_wconf 86' lang='lat' dir='ltr'>suot</span> <span class='ocrx_word' id='word_1_56' title='bbox 223 957 312 1015; x_wconf 82' lang='lat' dir='ltr'>affixo.</span> <span class='ocrx_word' id='word_1_57' title='bbox 330 958 395 1010; x_wconf 85' lang='lat' dir='ltr'>hanc</span> <span class='ocrx_word' id='word_1_58' title='bbox 407 957 589 1027; x_wconf 75' lang='lat' dir='ltr'>expositionem</span> <span class='ocrx_word' id='word_1_59' title='bbox 602 965 691 1012; x_wconf 89' lang='lat' dir='ltr'>auctor</span> <span class='ocrx_word' id='word_1_60' title='bbox 702 958 819 1027; x_wconf 74' lang='lat' dir='ltr'>suggerit</span> <span class='ocrx_word' id='word_1_61' title='bbox 835 962 960 1042; x_wconf 65' lang='lat' dir='ltr'>sequente</span> <span class='ocrx_word' id='word_1_62' title='bbox 974 955 1058 1026; x_wconf 86' lang='lat' dir='ltr'>cupito</span> <span class='ocrx_word' id='word_1_63' title='bbox 1077 976 1101 1028; x_wconf 84' lang='lat' dir='ltr'>p</span> <span class='ocrx_word' id='word_1_64' title='bbox 1119 958 1154 1040; x_wconf 53' lang='lat' dir='ltr'>AS</span> <span class='ocrx_word' id='word_1_65' title='bbox 1172 957 1204 1013; x_wconf 90' lang='grc'>15</span> <span class='ocrx_word' id='word_1_66' title='bbox 1218 960 1247 1012; x_wconf 82' lang='lat' dir='ltr'>et</span> 
     </span>
     <span class='ocr_line' id='line_1_9' title="bbox 149 1025 1245 1166; baseline -0.001 -84"><span class='ocrx_word' id='word_1_67' title='bbox 149 1043 184 1166; x_wconf 62' lang='lat' dir='ltr'>po</span> <span class='ocrx_word' id='word_1_68' title='bbox 186 1026 236 1148; x_wconf 51' lang='grc' dir='ltr'>[1ῖῖ</span> <span class='ocrx_word' id='word_1_69' title='bbox 237 1028 290 1148; x_wconf 56' lang='grc' dir='ltr'>ί11.</span> <span class='ocrx_word' id='word_1_70' title='bbox 309 1025 354 1080; x_wconf 85' lang='lat' dir='ltr'>alli</span> <span class='ocrx_word' id='word_1_71' title='bbox 372 1026 459 1081; x_wconf 82' lang='lat' dir='ltr'>clavos</span> <span class='ocrx_word' id='word_1_72' title='bbox 473 1033 608 1097; x_wconf 74' lang='lat' dir='ltr'>argenteas</span> <span class='ocrx_word' id='word_1_73' title='bbox 623 1033 651 1081; x_wconf 90' lang='lat' dir='ltr'>et</span> <span class='ocrx_word' id='word_1_74' title='bbox 665 1043 756 1082; x_wconf 83' lang='lat' dir='ltr'>aureas</span> <span class='ocrx_word' id='word_1_75' title='bbox 771 1027 926 1099; x_wconf 71' lang='lat' dir='ltr'>petrapium</span> <span class='ocrx_word' id='word_1_76' title='bbox 948 1027 1072 1098; x_wconf 67' lang='lat' dir='ltr'>praefari</span> <span class='ocrx_word' id='word_1_77' title='bbox 1089 1028 1177 1100; x_wconf 81' lang='lat' dir='ltr'>solitas</span> <span class='ocrx_word' id='word_1_78' title='bbox 1195 1043 1245 1081; x_wconf 88' lang='lat' dir='ltr'>ex-</span> 
     </span>
    </p>
   </div>
   <div class='ocr_carea' id='block_1_4' title="bbox 144 1183 1245 2036">
    <p class='ocr_par' dir='ltr' id='par_1_4' title="bbox 145 1183 1245 1668">
     <span class='ocr_line' id='line_1_10' title="bbox 234 1183 1243 1267; baseline 0 -23"><span class='ocrx_word' id='word_1_79' title='bbox 234 1184 272 1248; x_wconf 82' lang='lat' dir='ltr'>ii.</span> <span class='ocrx_word' id='word_1_80' title='bbox 293 1201 320 1245; x_wconf 84' lang='lat' dir='ltr'>v.</span> <span class='ocrx_word' id='word_1_81' title='bbox 343 1186 391 1248; x_wconf 86' lang='grc'>18.</span> <span class='ocrx_word' id='word_1_82' title='bbox 410 1184 527 1266; x_wconf 86' lang='lat' dir='ltr'>cappas]</span> <span class='ocrx_word' id='word_1_83' title='bbox 548 1186 679 1266; x_wconf 68' lang='lat' dir='ltr'>cappm‘a</span> <span class='ocrx_word' id='word_1_84' title='bbox 699 1206 720 1248; x_wconf 80' lang='lat' dir='ltr'>a</span> <span class='ocrx_word' id='word_1_85' title='bbox 739 1207 827 1267; x_wconf 86' lang='lat' dir='ltr'>cappa</span> <span class='ocrx_word' id='word_1_86' title='bbox 847 1185 971 1246; x_wconf 79' lang='lat' dir='ltr'>famant</span> <span class='ocrx_word' id='word_1_87' title='bbox 993 1183 1114 1244; x_wconf 83' lang='lat' dir='ltr'>iuniores</span> <span class='ocrx_word' id='word_1_88' title='bbox 1135 1183 1243 1244; x_wconf 79' lang='lat' dir='ltr'>Graeci.</span> 
     </span>
     <span class='ocr_line' id='line_1_11' title="bbox 150 1267 1245 1353; baseline 0.001 -26"><span class='ocrx_word' id='word_1_89' title='bbox 150 1267 297 1330; x_wconf 86' lang='lat' dir='ltr'>Germanis</span> <span class='ocrx_word' id='word_1_90' title='bbox 316 1273 359 1329; x_wconf 84' lang='lat' dir='ltr'>eiu</span> <span class='ocrx_word' id='word_1_91' title='bbox 378 1269 495 1350; x_wconf 77' lang='lat' dir='ltr'>ioppen,</span> <span class='ocrx_word' id='word_1_92' title='bbox 518 1290 570 1351; x_wconf 90' lang='lat' dir='ltr'>pro</span> <span class='ocrx_word' id='word_1_93' title='bbox 589 1273 712 1350; x_wconf 82' lang='lat' dir='ltr'>tegmine</span> <span class='ocrx_word' id='word_1_94' title='bbox 731 1273 839 1353; x_wconf 84' lang='lat' dir='ltr'>capitis.</span> <span class='ocrx_word' id='word_1_95' title='bbox 860 1289 913 1330; x_wconf 92' lang='lat' dir='ltr'>nec</span> <span class='ocrx_word' id='word_1_96' title='bbox 931 1269 1030 1329; x_wconf 89' lang='lat' dir='ltr'>dubito</span> <span class='ocrx_word' id='word_1_97' title='bbox 1048 1288 1144 1328; x_wconf 83' lang='lat' dir='ltr'>rocem</span> <span class='ocrx_word' id='word_1_98' title='bbox 1156 1290 1245 1350; x_wconf 89' lang='lat' dir='ltr'>cappa</span> 
     </span>
     <span class='ocr_line' id='line_1_12' title="bbox 148 1341 1244 1436; baseline 0.002 -24"><span class='ocrx_word' id='word_1_99' title='bbox 148 1341 203 1433; x_wconf 76' lang='lat' dir='ltr'>prd</span> <span class='ocrx_word' id='word_1_100' title='bbox 223 1354 297 1433; x_wconf 87' lang='lat' dir='ltr'>pileo</span> <span class='ocrx_word' id='word_1_101' title='bbox 318 1355 452 1434; x_wconf 77' lang='lat' dir='ltr'>originem</span> <span class='ocrx_word' id='word_1_102' title='bbox 471 1357 572 1416; x_wconf 89' lang='lat' dir='ltr'>ducere</span> <span class='ocrx_word' id='word_1_103' title='bbox 594 1375 613 1416; x_wconf 91' lang='lat' dir='ltr'>a</span> <span class='ocrx_word' id='word_1_104' title='bbox 629 1356 733 1418; x_wconf 76' lang='lat' dir='ltr'>Latiam</span> <span class='ocrx_word' id='word_1_105' title='bbox 756 1363 846 1436; x_wconf 84' lang='lat' dir='ltr'>capot.</span> <span class='ocrx_word' id='word_1_106' title='bbox 866 1356 1017 1433; x_wconf 88' lang='lat' dir='ltr'>aliquando</span> <span class='ocrx_word' id='word_1_107' title='bbox 1036 1373 1126 1433; x_wconf 83' lang='lat' dir='ltr'>cappa</span> <span class='ocrx_word' id='word_1_108' title='bbox 1146 1360 1244 1414; x_wconf 71' lang='lat' dir='ltr'>amata</span> 
     </span>
     <span class='ocr_line' id='line_1_13' title="bbox 149 1440 1243 1519; baseline 0 -21"><span class='ocrx_word' id='word_1_109' title='bbox 149 1446 194 1499; x_wconf 84' lang='lat' dir='ltr'>est</span> <span class='ocrx_word' id='word_1_110' title='bbox 214 1441 301 1517; x_wconf 84' lang='lat' dir='ltr'>vesti,</span> <span class='ocrx_word' id='word_1_111' title='bbox 328 1447 361 1500; x_wconf 92' lang='lat' dir='ltr'>ut</span> <span class='ocrx_word' id='word_1_112' title='bbox 380 1448 498 1519; x_wconf 80' lang='lat' dir='ltr'>apparet</span> <span class='ocrx_word' id='word_1_113' title='bbox 518 1442 548 1500; x_wconf 89' lang='lat' dir='ltr'>in</span> <span class='ocrx_word' id='word_1_114' title='bbox 566 1444 690 1503; x_wconf 85' lang='lat' dir='ltr'>vestibus</span> <span class='ocrx_word' id='word_1_115' title='bbox 712 1442 890 1518; x_wconf 86' lang='lat' dir='ltr'>monasticis,</span> <span class='ocrx_word' id='word_1_116' title='bbox 916 1448 947 1500; x_wconf 89' lang='lat' dir='ltr'>et</span> <span class='ocrx_word' id='word_1_117' title='bbox 974 1440 1028 1500; x_wconf 93' lang='lat' dir='ltr'>toti</span> <span class='ocrx_word' id='word_1_118' title='bbox 1048 1441 1121 1498; x_wconf 85' lang='lat' dir='ltr'>resti</span> <span class='ocrx_word' id='word_1_119' title='bbox 1139 1459 1243 1499; x_wconf 87' lang='lat' dir='ltr'>nomen</span> 
     </span>
     <span class='ocr_line' id='line_1_14' title="bbox 147 1525 1243 1607; baseline 0.002 -26"><span class='ocrx_word' id='word_1_120' title='bbox 147 1525 236 1583; x_wconf 87' lang='lat' dir='ltr'>indit:</span> <span class='ocrx_word' id='word_1_121' title='bbox 273 1525 424 1605; x_wconf 88' lang='lat' dir='ltr'>aliqnando</span> <span class='ocrx_word' id='word_1_122' title='bbox 455 1527 664 1589; x_wconf 84' lang='lat' dir='ltr'>arestimeuto</span> <span class='ocrx_word' id='word_1_123' title='bbox 690 1529 834 1607; x_wconf 86' lang='lat' dir='ltr'>seiuncta,</span> <span class='ocrx_word' id='word_1_124' title='bbox 868 1527 959 1588; x_wconf 83' lang='lat' dir='ltr'>instar</span> <span class='ocrx_word' id='word_1_125' title='bbox 987 1526 1172 1586; x_wconf 88' lang='lat' dir='ltr'>communium</span> <span class='ocrx_word' id='word_1_126' title='bbox 1197 1526 1243 1605; x_wconf 90' lang='lat' dir='ltr'>pi-</span> 
     </span>
     <span class='ocr_line' id='line_1_15' title="bbox 145 1609 499 1668; baseline 0.003 -2"><span class='ocrx_word' id='word_1_127' title='bbox 145 1609 261 1668; x_wconf 88' lang='lat' dir='ltr'>leorum.</span> <span class='ocrx_word' id='word_1_128' title='bbox 496 1635 499 1644; x_wconf 57' lang='grc'>’</span> 
     </span>
    </p>

    <p class='ocr_par' dir='ltr' id='par_1_5' title="bbox 144 1705 1243 2036">
     <span class='ocr_line' id='line_1_16' title="bbox 214 1705 1243 1780; baseline -0.001 -20"><span class='ocrx_word' id='word_1_129' title='bbox 214 1709 277 1761; x_wconf 78' lang='lat' dir='ltr'>ibid.</span> <span class='ocrx_word' id='word_1_130' title='bbox 308 1707 393 1778; x_wconf 78' lang='lat' dir='ltr'>pileoss</span> <span class='ocrx_word' id='word_1_131' title='bbox 415 1707 516 1778; x_wconf 87' lang='lat' dir='ltr'>quidem</span> <span class='ocrx_word' id='word_1_132' title='bbox 539 1716 581 1765; x_wconf 89' lang='lat' dir='ltr'>est</span> <span class='ocrx_word' id='word_1_133' title='bbox 605 1705 762 1778; x_wconf 70' lang='lat' dir='ltr'>caudatos,</span> <span class='ocrx_word' id='word_1_134' title='bbox 800 1714 829 1764; x_wconf 83' lang='lat' dir='ltr'>at</span> <span class='ocrx_word' id='word_1_135' title='bbox 850 1725 899 1762; x_wconf 88' lang='lat' dir='ltr'>nec</span> <span class='ocrx_word' id='word_1_136' title='bbox 927 1725 1012 1780; x_wconf 85' lang='lat' dir='ltr'>suppa</span> <span class='ocrx_word' id='word_1_137' title='bbox 1046 1723 1095 1766; x_wconf 79' lang='lat' dir='ltr'>noo</span> <span class='ocrx_word' id='word_1_138' title='bbox 1120 1705 1243 1772; x_wconf 69' lang='lat' dir='ltr'>manilio,</span> 
     </span>
     <span class='ocr_line' id='line_1_17' title="bbox 147 1774 1242 1850; baseline 0 -20"><span class='ocrx_word' id='word_1_139' title='bbox 147 1774 194 1830; x_wconf 80' lang='lat' dir='ltr'>aed</span> <span class='ocrx_word' id='word_1_140' title='bbox 213 1777 257 1846; x_wconf 86' lang='lat' dir='ltr'>qui</span> <span class='ocrx_word' id='word_1_141' title='bbox 279 1793 340 1832; x_wconf 87' lang='lat' dir='ltr'>oras</span> <span class='ocrx_word' id='word_1_142' title='bbox 358 1778 552 1848; x_wconf 78' lang='lat' dir='ltr'>circumquaque</span> <span class='ocrx_word' id='word_1_143' title='bbox 573 1779 703 1850; x_wconf 86' lang='lat' dir='ltr'>expendit.</span> <span class='ocrx_word' id='word_1_144' title='bbox 738 1779 827 1834; x_wconf 78' lang='lat' dir='ltr'>Simon</span> <span class='ocrx_word' id='word_1_145' title='bbox 847 1777 950 1832; x_wconf 84' lang='lat' dir='ltr'>Pactius</span> <span class='ocrx_word' id='word_1_146' title='bbox 974 1795 1006 1830; x_wconf 82' lang='lat' dir='ltr'>en</span> <span class='ocrx_word' id='word_1_147' title='bbox 1028 1793 1074 1828; x_wconf 88' lang='lat' dir='ltr'>ore</span> <span class='ocrx_word' id='word_1_148' title='bbox 1094 1775 1242 1830; x_wconf 79' lang='lat' dir='ltr'>attestantis</span> 
     </span>
     <span class='ocr_line' id='line_1_18' title="bbox 147 1843 1241 1918; baseline 0.002 -23"><span class='ocrx_word' id='word_1_149' title='bbox 147 1844 231 1912; x_wconf 79' lang='lat' dir='ltr'>vulgis</span> <span class='ocrx_word' id='word_1_150' title='bbox 250 1843 357 1900; x_wconf 71' lang='lat' dir='ltr'>sorados</span> <span class='ocrx_word' id='word_1_151' title='bbox 378 1847 495 1914; x_wconf 74' lang='lat' dir='ltr'>roccio,</span> <span class='ocrx_word' id='word_1_152' title='bbox 513 1843 646 1917; x_wconf 72' lang='lat' dir='ltr'>aisuaoe,</span> <span class='ocrx_word' id='word_1_153' title='bbox 662 1847 766 1918; x_wconf 72' lang='grc' dir='ltr'><strong><em>πίλημα</em></strong></span> <span class='ocrx_word' id='word_1_154' title='bbox 785 1855 834 1906; x_wconf 86' lang='lat' dir='ltr'>etc.</span> <span class='ocrx_word' id='word_1_155' title='bbox 854 1849 978 1918; x_wconf 78' lang='lat' dir='ltr'>galeros,</span> <span class='ocrx_word' id='word_1_156' title='bbox 1000 1847 1105 1912; x_wconf 77' lang='lat' dir='ltr'>ceasia,</span> <span class='ocrx_word' id='word_1_157' title='bbox 1126 1853 1241 1914; x_wconf 61' lang='lat' dir='ltr'>parm</span> 
     </span>
     <span class='ocr_line' id='line_1_19' title="bbox 144 1914 1240 2036; baseline -0.001 -69"><span class='ocrx_word' id='word_1_158' title='bbox 144 1914 230 2036; x_wconf 65' lang='lat' dir='ltr'>pileus</span> <span class='ocrx_word' id='word_1_159' title='bbox 247 1922 296 1970; x_wconf 83' lang='lat' dir='ltr'>etc.</span> <span class='ocrx_word' id='word_1_160' title='bbox 329 1914 389 1968; x_wconf 85' lang='lat' dir='ltr'>ride</span> <span class='ocrx_word' id='word_1_161' title='bbox 407 1923 523 1986; x_wconf 84' lang='lat' dir='ltr'>petasum</span> <span class='ocrx_word' id='word_1_162' title='bbox 543 1916 593 1970; x_wconf 91' lang='lat' dir='ltr'>dici</span> <span class='ocrx_word' id='word_1_163' title='bbox 611 1917 655 1988; x_wconf 85' lang='lat' dir='ltr'>qui</span> <span class='ocrx_word' id='word_1_164' title='bbox 671 1916 792 1988; x_wconf 84' lang='lat' dir='ltr'>expausis</span> <span class='ocrx_word' id='word_1_165' title='bbox 804 1916 856 1970; x_wconf 85' lang='lat' dir='ltr'>oris</span> <span class='ocrx_word' id='word_1_166' title='bbox 870 1918 992 1985; x_wconf 87' lang='lat' dir='ltr'>praebeat</span> <span class='ocrx_word' id='word_1_167' title='bbox 1004 1915 1172 1996; x_wconf 64' lang='lat' dir='ltr'>undequaque</span> <span class='ocrx_word' id='word_1_168' title='bbox 1183 1931 1240 1966; x_wconf 90' lang='lat' dir='ltr'>um·</span> 
     </span>
    </p>
   </div>
   <div class='ocr_carea' id='block_1_5' title="bbox 144 1983 1240 2126">
    <p class='ocr_par' dir='ltr' id='par_1_6' title="bbox 144 1983 1240 2126">
     <span class='ocr_line' id='line_1_20' title="bbox 162 1983 1240 2051; baseline 0 -15"><span class='ocrx_word' id='word_1_169' title='bbox 162 1999 226 2036; x_wconf 90' lang='lat' dir='ltr'>raro.</span> <span class='ocrx_word' id='word_1_170' title='bbox 262 1984 401 2038; x_wconf 77' lang='lat' dir='ltr'>huiusnodi</span> <span class='ocrx_word' id='word_1_171' title='bbox 419 2002 481 2038; x_wconf 83' lang='lat' dir='ltr'>vero</span> <span class='ocrx_word' id='word_1_172' title='bbox 500 1986 578 2038; x_wconf 78' lang='lat' dir='ltr'>faiam</span> <span class='ocrx_word' id='word_1_173' title='bbox 593 1986 620 2040; x_wconf 90' lang='lat' dir='ltr'>io</span> <span class='ocrx_word' id='word_1_174' title='bbox 639 2002 686 2040; x_wconf 90' lang='lat' dir='ltr'>asu</span> <span class='ocrx_word' id='word_1_175' title='bbox 704 1985 830 2040; x_wconf 84' lang='lat' dir='ltr'>nonnullis</span> <span class='ocrx_word' id='word_1_176' title='bbox 847 1985 904 2038; x_wconf 88' lang='lat' dir='ltr'>hinc</span> <span class='ocrx_word' id='word_1_177' title='bbox 917 1992 987 2038; x_wconf 86' lang='lat' dir='ltr'>retro</span> <span class='ocrx_word' id='word_1_178' title='bbox 998 1987 1124 2051; x_wconf 77' lang='lat' dir='ltr'>saeculis,</span> <span class='ocrx_word' id='word_1_179' title='bbox 1146 1983 1240 2036; x_wconf 84' lang='lat' dir='ltr'>docent</span> 
     </span>
     <span class='ocr_line' id='line_1_21' title="bbox 144 2052 1022 2126; baseline 0.006 -21"><span class='ocrx_word' id='word_1_180' title='bbox 144 2052 304 2107; x_wconf 71' lang='lat' dir='ltr'>cardinalium</span> <span class='ocrx_word' id='word_1_181' title='bbox 320 2053 407 2124; x_wconf 86' lang='lat' dir='ltr'>petasi</span> <span class='ocrx_word' id='word_1_182' title='bbox 423 2062 450 2107; x_wconf 87' lang='lat' dir='ltr'>et</span> <span class='ocrx_word' id='word_1_183' title='bbox 469 2059 572 2125; x_wconf 83' lang='lat' dir='ltr'>antiqua</span> <span class='ocrx_word' id='word_1_184' title='bbox 587 2055 713 2126; x_wconf 73' lang='lat' dir='ltr'>pictorum</span> <span class='ocrx_word' id='word_1_185' title='bbox 727 2055 834 2110; x_wconf 72' lang='lat' dir='ltr'>haeum</span> <span class='ocrx_word' id='word_1_186' title='bbox 846 2060 1022 2118; x_wconf 76' lang='lat' dir='ltr'>moouoeota.</span> 
     </span>
    </p>
   </div>
   <div class='ocr_carea' id='block_1_6' title="bbox 139 2153 1238 3016">
    <p class='ocr_par' dir='ltr' id='par_1_7' title="bbox 139 2153 1238 2834">
     <span class='ocr_line' id='line_1_22' title="bbox 227 2153 1238 2241; baseline 0.001 -24"><span class='ocrx_word' id='word_1_187' title='bbox 227 2159 262 2218; x_wconf 81' lang='lat' dir='ltr'>ib.</span> <span class='ocrx_word' id='word_1_188' title='bbox 283 2177 310 2216; x_wconf 84' lang='lat' dir='ltr'>v.</span> <span class='ocrx_word' id='word_1_189' title='bbox 330 2156 381 2220; x_wconf 77' lang='lat' dir='ltr'>ll.</span> <span class='ocrx_word' id='word_1_190' title='bbox 401 2156 502 2218; x_wconf 84' lang='lat' dir='ltr'>loricas</span> <span class='ocrx_word' id='word_1_191' title='bbox 514 2161 648 2241; x_wconf 74' lang='grc' dir='ltr'>κλίβανα.</span> <span class='ocrx_word' id='word_1_192' title='bbox 669 2155 705 2223; x_wconf 78' lang='lat' dir='ltr'>ed</span> <span class='ocrx_word' id='word_1_193' title='bbox 721 2161 883 2241; x_wconf 73' lang='grc' dir='ltr'><strong><em>κλίβανον,</em></strong></span> <span class='ocrx_word' id='word_1_194' title='bbox 900 2153 1074 2238; x_wconf 67' lang='grc' dir='ltr'><em>κλιβάνων,</em></span> <span class='ocrx_word' id='word_1_195' title='bbox 1094 2158 1238 2235; x_wconf 73' lang='lat' dir='ltr'>clibanum,</span> 
     </span>
     <span class='ocr_line' id='line_1_23' title="bbox 141 2236 1238 2323; baseline 0.002 -21"><span class='ocrx_word' id='word_1_196' title='bbox 141 2243 233 2304; x_wconf 81' lang='lat' dir='ltr'>lorica.</span> <span class='ocrx_word' id='word_1_197' title='bbox 263 2236 324 2302; x_wconf 88' lang='lat' dir='ltr'>Leo</span> <span class='ocrx_word' id='word_1_198' title='bbox 339 2244 497 2304; x_wconf 76' lang='lat' dir='ltr'>Constitui.</span> <span class='ocrx_word' id='word_1_199' title='bbox 517 2249 555 2308; x_wconf 85' lang='lat'>6:</span> <span class='ocrx_word' id='word_1_200' title='bbox 583 2237 761 2310; x_wconf 70' lang='lat' dir='ltr'>ridevorda</span> <span class='ocrx_word' id='word_1_201' title='bbox 786 2242 819 2307; x_wconf 74' lang='grc' dir='ltr'>δὲ</span> <span class='ocrx_word' id='word_1_202' title='bbox 842 2242 893 2314; x_wconf 72' lang='lat' dir='ltr'>scal</span> <span class='ocrx_word' id='word_1_203' title='bbox 913 2239 1057 2323; x_wconf 71' lang='grc' dir='ltr'><strong><em>θώρακας</em></strong></span> <span class='ocrx_word' id='word_1_204' title='bbox 1076 2241 1168 2322; x_wconf 69' lang='grc' dir='ltr'><strong><em>ἔχειν,</em></strong></span> <span class='ocrx_word' id='word_1_205' title='bbox 1190 2243 1238 2305; x_wconf 87' lang='lat' dir='ltr'>oi&#39;-</span> 
     </span>
     <span class='ocr_line' id='line_1_24' title="bbox 140 2323 1237 2410; baseline 0 -24"><span class='ocrx_word' id='word_1_206' title='bbox 140 2350 219 2400; x_wconf 76' lang='grc' dir='ltr'>τινες</span> <span class='ocrx_word' id='word_1_207' title='bbox 229 2331 387 2390; x_wconf 76' lang='grc' dir='ltr'><strong><em>καλοῦνται</em></strong></span> <span class='ocrx_word' id='word_1_208' title='bbox 407 2333 465 2391; x_wconf 81' lang='grc' dir='ltr'>νῦν</span> <span class='ocrx_word' id='word_1_209' title='bbox 479 2323 629 2410; x_wconf 68' lang='lat' dir='ltr'>etidcirco.</span> <span class='ocrx_word' id='word_1_210' title='bbox 654 2332 722 2395; x_wconf 86' lang='lat' dir='ltr'>ride</span> <span class='ocrx_word' id='word_1_211' title='bbox 741 2329 907 2408; x_wconf 81' lang='lat' dir='ltr'>Rigaltium.</span> <span class='ocrx_word' id='word_1_212' title='bbox 942 2327 1099 2388; x_wconf 79' lang='lat' dir='ltr'>Alexander</span> <span class='ocrx_word' id='word_1_213' title='bbox 1117 2330 1237 2388; x_wconf 88' lang='lat' dir='ltr'>Severus</span> 
     </span>
     <span class='ocr_line' id='line_1_25' title="bbox 141 2411 1235 2495; baseline 0.001 -25"><span class='ocrx_word' id='word_1_214' title='bbox 141 2414 218 2491; x_wconf 89' lang='lat' dir='ltr'>apud</span> <span class='ocrx_word' id='word_1_215' title='bbox 241 2411 444 2491; x_wconf 80' lang='lat' dir='ltr'>Lampridium:</span> <span class='ocrx_word' id='word_1_216' title='bbox 471 2416 715 2494; x_wconf 67' lang='lat' dir='ltr'>cataphractarios,</span> <span class='ocrx_word' id='word_1_217' title='bbox 744 2437 808 2495; x_wconf 83' lang='lat' dir='ltr'>poor</span> <span class='ocrx_word' id='word_1_218' title='bbox 831 2413 928 2474; x_wconf 81' lang='lat' dir='ltr'>Persae</span> <span class='ocrx_word' id='word_1_219' title='bbox 950 2415 1110 2474; x_wconf 77' lang='lat' dir='ltr'>clibanarios</span> <span class='ocrx_word' id='word_1_220' title='bbox 1129 2419 1235 2488; x_wconf 86' lang='lat' dir='ltr'>uocant,</span> 
     </span>
     <span class='ocr_line' id='line_1_26' title="bbox 140 2497 1238 2575; baseline 0.003 -21"><span class='ocrx_word' id='word_1_221' title='bbox 140 2497 226 2558; x_wconf 78' lang='lat' dir='ltr'>deeora</span> <span class='ocrx_word' id='word_1_222' title='bbox 239 2499 316 2558; x_wconf 83' lang='lat' dir='ltr'>osilia</span> <span class='ocrx_word' id='word_1_223' title='bbox 329 2502 358 2558; x_wconf 84' lang='lat' dir='ltr'>irs</span> <span class='ocrx_word' id='word_1_224' title='bbox 371 2499 437 2558; x_wconf 84' lang='lat' dir='ltr'>bollo</span> <span class='ocrx_word' id='word_1_225' title='bbox 447 2501 637 2575; x_wconf 76' lang='lat' dir='ltr'>intererimus,</span> <span class='ocrx_word' id='word_1_226' title='bbox 658 2521 745 2561; x_wconf 73' lang='lat' dir='ltr'>emam</span> <span class='ocrx_word' id='word_1_227' title='bbox 759 2504 841 2560; x_wconf 60' lang='lat' dir='ltr'>aaa&amp;</span> <span class='ocrx_word' id='word_1_228' title='bbox 857 2505 959 2560; x_wconf 71' lang='lat' dir='ltr'>ambos</span> <span class='ocrx_word' id='word_1_229' title='bbox 977 2504 1146 2560; x_wconf 74' lang='lat' dir='ltr'>armom&#39;mus.</span> <span class='ocrx_word' id='word_1_230' title='bbox 1166 2498 1238 2557; x_wconf 92' lang='lat' dir='ltr'>Am-</span> 
     </span>
     <span class='ocr_line' id='line_1_27' title="bbox 139 2577 1237 2666; baseline 0.001 -25"><span class='ocrx_word' id='word_1_231' title='bbox 139 2581 247 2641; x_wconf 87' lang='lat' dir='ltr'>mianus</span> <span class='ocrx_word' id='word_1_232' title='bbox 268 2582 287 2642; x_wconf 79' lang='lat' dir='ltr'>l.</span> <span class='ocrx_word' id='word_1_233' title='bbox 312 2585 365 2645; x_wconf 85' lang='lat'>16:</span> <span class='ocrx_word' id='word_1_234' title='bbox 385 2577 523 2665; x_wconf 71' lang='lat' dir='ltr'>sparsique</span> <span class='ocrx_word' id='word_1_235' title='bbox 539 2587 707 2666; x_wconf 66' lang='lat' dir='ltr'>cataphracti</span> <span class='ocrx_word' id='word_1_236' title='bbox 722 2589 835 2665; x_wconf 76' lang='lat' dir='ltr'>equites,</span> <span class='ocrx_word' id='word_1_237' title='bbox 855 2605 917 2664; x_wconf 80' lang='lat' dir='ltr'>pros</span> <span class='ocrx_word' id='word_1_238' title='bbox 933 2583 1093 2644; x_wconf 74' lang='lat' dir='ltr'>abbonorios</span> <span class='ocrx_word' id='word_1_239' title='bbox 1108 2585 1237 2644; x_wconf 73' lang='lat' dir='ltr'>dictitant</span> 
     </span>
     <span class='ocr_line' id='line_1_28' title="bbox 141 2667 1234 2750; baseline 0 -22"><span class='ocrx_word' id='word_1_240' title='bbox 141 2667 255 2744; x_wconf 71' lang='lat' dir='ltr'>Pocae,</span> <span class='ocrx_word' id='word_1_241' title='bbox 276 2671 413 2729; x_wconf 74' lang='lat' dir='ltr'>ibororum</span> <span class='ocrx_word' id='word_1_242' title='bbox 426 2674 523 2730; x_wconf 80' lang='lat' dir='ltr'>monili</span> <span class='ocrx_word' id='word_1_243' title='bbox 536 2673 693 2748; x_wconf 79' lang='lat' dir='ltr'>tegminibus</span> <span class='ocrx_word' id='word_1_244' title='bbox 713 2677 740 2732; x_wconf 84' lang='lat' dir='ltr'>st</span> <span class='ocrx_word' id='word_1_245' title='bbox 754 2671 945 2750; x_wconf 66' lang='lat' dir='ltr'>boussenois</span> <span class='ocrx_word' id='word_1_246' title='bbox 965 2673 1061 2748; x_wconf 75' lang='lat' dir='ltr'>docti,</span> <span class='ocrx_word' id='word_1_247' title='bbox 1080 2676 1112 2730; x_wconf 88' lang='lat' dir='ltr'>ut</span> <span class='ocrx_word' id='word_1_248' title='bbox 1129 2668 1234 2729; x_wconf 69' lang='lat' dir='ltr'>Prusa</span> 
     </span>
     <span class='ocr_line' id='line_1_29' title="bbox 140 2753 855 2834; baseline 0 -20"><span class='ocrx_word' id='word_1_249' title='bbox 140 2753 200 2814; x_wconf 77' lang='lat' dir='ltr'>selo</span> <span class='ocrx_word' id='word_1_250' title='bbox 215 2774 294 2815; x_wconf 81' lang='lat' dir='ltr'>maore</span> <span class='ocrx_word' id='word_1_251' title='bbox 304 2755 392 2834; x_wconf 87' lang='lat' dir='ltr'>polita</span> <span class='ocrx_word' id='word_1_252' title='bbox 406 2757 518 2816; x_wconf 71' lang='lat' dir='ltr'>aedua</span> <span class='ocrx_word' id='word_1_253' title='bbox 532 2757 695 2833; x_wconf 71' lang='lat' dir='ltr'>dorulacra,</span> <span class='ocrx_word' id='word_1_254' title='bbox 712 2777 763 2816; x_wconf 83' lang='lat' dir='ltr'>ooo</span> <span class='ocrx_word' id='word_1_255' title='bbox 775 2761 855 2816; x_wconf 71' lang='lat' dir='ltr'>asra,</span> 
     </span>
    </p>

    <p class='ocr_par' dir='ltr' id='par_1_8' title="bbox 141 2867 1234 3016">
     <span class='ocr_line' id='line_1_30' title="bbox 209 2867 1230 2949; baseline -0.002 -19"><span class='ocrx_word' id='word_1_256' title='bbox 209 2877 273 2931; x_wconf 78' lang='lat' dir='ltr'>ibid.</span> <span class='ocrx_word' id='word_1_257' title='bbox 309 2878 362 2929; x_wconf 79' lang='lat' dir='ltr'>Leo</span> <span class='ocrx_word' id='word_1_258' title='bbox 382 2877 493 2930; x_wconf 76' lang='lat' dir='ltr'>constit.</span> <span class='ocrx_word' id='word_1_259' title='bbox 525 2876 558 2932; x_wconf 81' lang='lat'>5=</span> <span class='ocrx_word' id='word_1_260' title='bbox 579 2874 709 2949; x_wconf 69' lang='lat' dir='ltr'>etidcirco</span> <span class='ocrx_word' id='word_1_261' title='bbox 732 2877 834 2948; x_wconf 73' lang='grc' dir='ltr'><em>σιδηρᾶ</em></span> <span class='ocrx_word' id='word_1_262' title='bbox 860 2869 883 2946; x_wconf 76' lang='grc' dir='ltr'><em>ἢ</em></span> <span class='ocrx_word' id='word_1_263' title='bbox 901 2874 951 2931; x_wconf 75' lang='lat' dir='ltr'>ool</span> <span class='ocrx_word' id='word_1_264' title='bbox 975 2871 1008 2936; x_wconf 71' lang='grc' dir='ltr'>ΞΕ</span> <span class='ocrx_word' id='word_1_265' title='bbox 1036 2867 1132 2941; x_wconf 74' lang='grc' dir='ltr'><strong><em>ἑτέρας</em></strong></span> <span class='ocrx_word' id='word_1_266' title='bbox 1154 2868 1230 2944; x_wconf 70' lang='lat' dir='ltr'>dioc.</span> 
     </span>
     <span class='ocr_line' id='line_1_31' title="bbox 141 2944 1234 3016; baseline -0.002 -18"><span class='ocrx_word' id='word_1_267' title='bbox 141 2952 201 2998; x_wconf 74' lang='lat' dir='ltr'>mat</span> <span class='ocrx_word' id='word_1_268' title='bbox 214 2944 301 3014; x_wconf 83' lang='lat' dir='ltr'>itaque</span> <span class='ocrx_word' id='word_1_269' title='bbox 319 2946 362 2997; x_wconf 85' lang='lat' dir='ltr'>rel</span> <span class='ocrx_word' id='word_1_270' title='bbox 379 2947 461 2998; x_wconf 89' lang='lat' dir='ltr'>bellici</span> <span class='ocrx_word' id='word_1_271' title='bbox 480 2947 612 3011; x_wconf 77' lang='lat' dir='ltr'>thoraces,</span> <span class='ocrx_word' id='word_1_272' title='bbox 632 2946 674 2999; x_wconf 88' lang='lat' dir='ltr'>vel</span> <span class='ocrx_word' id='word_1_273' title='bbox 691 2948 892 3016; x_wconf 81' lang='lat' dir='ltr'>superinduendo</span> <span class='ocrx_word' id='word_1_274' title='bbox 908 2946 1053 3000; x_wconf 79' lang='lat' dir='ltr'>thoracibus</span> <span class='ocrx_word' id='word_1_275' title='bbox 1071 2963 1147 3014; x_wconf 82' lang='lat' dir='ltr'>saga,</span> <span class='ocrx_word' id='word_1_276' title='bbox 1165 2963 1234 3014; x_wconf 86' lang='lat' dir='ltr'>quae</span> 
     </span>
    </p>
   </div>
   <div class='ocr_carea' id='block_1_7' title="bbox 138 3007 1233 3152">
    <p class='ocr_par' dir='ltr' id='par_1_9' title="bbox 138 3007 1233 3152">
     <span class='ocr_line' id='line_1_32' title="bbox 140 3007 1233 3084; baseline 0 -18"><span class='ocrx_word' id='word_1_277' title='bbox 140 3007 234 3066; x_wconf 71' lang='grc' dir='ltr'><strong><em>ἐπάνω</em></strong></span> <span class='ocrx_word' id='word_1_278' title='bbox 255 3011 372 3080; x_wconf 75' lang='grc' dir='ltr'><strong><em>κλίβανα</em></strong></span> <span class='ocrx_word' id='word_1_279' title='bbox 389 3014 450 3066; x_wconf 89' lang='lat' dir='ltr'>dicit</span> <span class='ocrx_word' id='word_1_280' title='bbox 464 3014 572 3068; x_wconf 76' lang='lat' dir='ltr'>Nicetes</span> <span class='ocrx_word' id='word_1_281' title='bbox 590 3015 713 3069; x_wconf 79' lang='lat' dir='ltr'>Maooelu</span> <span class='ocrx_word' id='word_1_282' title='bbox 733 3015 751 3068; x_wconf 89' lang='lat' dir='ltr'>l.</span> <span class='ocrx_word' id='word_1_283' title='bbox 767 3017 792 3074; x_wconf 85' lang='lat'>6.</span> <span class='ocrx_word' id='word_1_284' title='bbox 827 3016 870 3070; x_wconf 84' lang='lat' dir='ltr'>uic</span> <span class='ocrx_word' id='word_1_285' title='bbox 886 3023 985 3070; x_wconf 83' lang='lat' dir='ltr'>reatem</span> <span class='ocrx_word' id='word_1_286' title='bbox 999 3015 1116 3069; x_wconf 82' lang='lat' dir='ltr'>leonibus</span> <span class='ocrx_word' id='word_1_287' title='bbox 1129 3013 1233 3084; x_wconf 80' lang='lat' dir='ltr'>pictam,</span> 
     </span>
     <span class='ocr_line' id='line_1_33' title="bbox 138 3081 1118 3152; baseline 0.005 -18"><span class='ocrx_word' id='word_1_288' title='bbox 138 3098 190 3135; x_wconf 92' lang='lat' dir='ltr'>non</span> <span class='ocrx_word' id='word_1_289' title='bbox 208 3090 374 3147; x_wconf 86' lang='lat' dir='ltr'>armaturam,</span> <span class='ocrx_word' id='word_1_290' title='bbox 392 3081 499 3151; x_wconf 88' lang='lat' dir='ltr'>quilibet</span> <span class='ocrx_word' id='word_1_291' title='bbox 513 3082 640 3152; x_wconf 78' lang='lat' dir='ltr'>intelligit.</span> <span class='ocrx_word' id='word_1_292' title='bbox 1116 3099 1118 3115; x_wconf 81' lang='lat'>¹</span> 
     </span>
    </p>
   </div>
   <div class='ocr_carea' id='block_1_8' title="bbox 132 3188 1232 4046">
    <p class='ocr_par' dir='ltr' id='par_1_10' title="bbox 132 3188 1232 4046">
     <span class='ocr_line' id='line_1_34' title="bbox 221 3188 1230 3274; baseline -0.004 -16"><span class='ocrx_word' id='word_1_293' title='bbox 221 3196 257 3258; x_wconf 76' lang='lat' dir='ltr'>io.</span> <span class='ocrx_word' id='word_1_294' title='bbox 278 3213 304 3254; x_wconf 85' lang='lat' dir='ltr'>v.</span> <span class='ocrx_word' id='word_1_295' title='bbox 327 3196 374 3258; x_wconf 85' lang='lat'>16.</span> <span class='ocrx_word' id='word_1_296' title='bbox 396 3195 547 3274; x_wconf 83' lang='lat' dir='ltr'>cortinarii]</span> <span class='ocrx_word' id='word_1_297' title='bbox 573 3202 676 3256; x_wconf 85' lang='lat' dir='ltr'>acorte</span> <span class='ocrx_word' id='word_1_298' title='bbox 694 3215 745 3256; x_wconf 89' lang='lat' dir='ltr'>seu</span> <span class='ocrx_word' id='word_1_299' title='bbox 766 3188 856 3272; x_wconf 81' lang='lat' dir='ltr'>asrte,</span> <span class='ocrx_word' id='word_1_300' title='bbox 875 3217 971 3274; x_wconf 84' lang='lat' dir='ltr'>sceau,</span> <span class='ocrx_word' id='word_1_301' title='bbox 989 3195 1159 3258; x_wconf 80' lang='lat' dir='ltr'>tabemoudo</span> <span class='ocrx_word' id='word_1_302' title='bbox 1179 3215 1230 3255; x_wconf 84' lang='lat' dir='ltr'>seo</span> 
     </span>
     <span class='ocr_line' id='line_1_35' title="bbox 137 3278 1231 3363; baseline 0.005 -26"><span class='ocrx_word' id='word_1_303' title='bbox 137 3285 260 3341; x_wconf 79' lang='lat' dir='ltr'>tentorio:</span> <span class='ocrx_word' id='word_1_304' title='bbox 280 3281 417 3340; x_wconf 84' lang='lat' dir='ltr'>hooeoim</span> <span class='ocrx_word' id='word_1_305' title='bbox 431 3287 475 3340; x_wconf 89' lang='lat' dir='ltr'>est</span> <span class='ocrx_word' id='word_1_306' title='bbox 489 3278 587 3363; x_wconf 77' lang='grc' dir='ltr'><strong>κόρτη.</strong></span> <span class='ocrx_word' id='word_1_307' title='bbox 610 3283 693 3342; x_wconf 89' lang='lat' dir='ltr'>etiam</span> <span class='ocrx_word' id='word_1_308' title='bbox 713 3303 764 3360; x_wconf 95' lang='lat' dir='ltr'>pro</span> <span class='ocrx_word' id='word_1_309' title='bbox 779 3284 890 3361; x_wconf 81' lang='lat' dir='ltr'>integra</span> <span class='ocrx_word' id='word_1_310' title='bbox 910 3285 975 3343; x_wconf 88' lang='lat' dir='ltr'>aula</span> <span class='ocrx_word' id='word_1_311' title='bbox 992 3283 1167 3361; x_wconf 85' lang='lat' dir='ltr'>imperatoris</span> <span class='ocrx_word' id='word_1_312' title='bbox 1181 3289 1231 3343; x_wconf 86' lang='lat' dir='ltr'>ant</span> 
     </span>
     <span class='ocr_line' id='line_1_36' title="bbox 136 3366 1230 3447; baseline 0 -21"><span class='ocrx_word' id='word_1_313' title='bbox 136 3366 211 3442; x_wconf 78' lang='lat' dir='ltr'>regis</span> <span class='ocrx_word' id='word_1_314' title='bbox 232 3368 381 3444; x_wconf 82' lang='lat' dir='ltr'>accipitur,</span> <span class='ocrx_word' id='word_1_315' title='bbox 401 3386 460 3426; x_wconf 88' lang='lat' dir='ltr'>non</span> <span class='ocrx_word' id='word_1_316' title='bbox 477 3372 589 3426; x_wconf 90' lang='lat' dir='ltr'>tantum</span> <span class='ocrx_word' id='word_1_317' title='bbox 609 3387 664 3447; x_wconf 89' lang='lat' dir='ltr'>pro</span> <span class='ocrx_word' id='word_1_318' title='bbox 686 3387 770 3428; x_wconf 70' lang='lat' dir='ltr'>meaa</span> <span class='ocrx_word' id='word_1_319' title='bbox 790 3387 841 3428; x_wconf 85' lang='lat' dir='ltr'>seu</span> <span class='ocrx_word' id='word_1_320' title='bbox 863 3370 993 3430; x_wconf 87' lang='lat' dir='ltr'>tentorio.</span> <span class='ocrx_word' id='word_1_321' title='bbox 1020 3368 1086 3426; x_wconf 88' lang='lat' dir='ltr'>binc</span> <span class='ocrx_word' id='word_1_322' title='bbox 1111 3372 1230 3442; x_wconf 83' lang='lat' dir='ltr'>castoria,</span> 
     </span>
     <span class='ocr_line' id='line_1_37' title="bbox 135 3450 1232 3533; baseline 0.005 -27"><span class='ocrx_word' id='word_1_323' title='bbox 135 3450 224 3511; x_wconf 87' lang='lat' dir='ltr'>aulica</span> <span class='ocrx_word' id='word_1_324' title='bbox 237 3452 388 3512; x_wconf 83' lang='lat' dir='ltr'>rubenitae.</span> <span class='ocrx_word' id='word_1_325' title='bbox 409 3454 545 3513; x_wconf 78' lang='lat' dir='ltr'>cateriscb</span> <span class='ocrx_word' id='word_1_326' title='bbox 558 3453 661 3532; x_wconf 87' lang='lat' dir='ltr'>aulice,</span> <span class='ocrx_word' id='word_1_327' title='bbox 681 3454 796 3514; x_wconf 86' lang='lat' dir='ltr'>urbane.</span> <span class='ocrx_word' id='word_1_328' title='bbox 815 3455 845 3512; x_wconf 89' lang='lat' dir='ltr'>in</span> <span class='ocrx_word' id='word_1_329' title='bbox 860 3455 968 3533; x_wconf 83' lang='lat' dir='ltr'>legibus</span> <span class='ocrx_word' id='word_1_330' title='bbox 984 3452 1170 3512; x_wconf 75' lang='lat' dir='ltr'>Alamannicis</span> <span class='ocrx_word' id='word_1_331' title='bbox 1185 3458 1232 3511; x_wconf 82' lang='lat' dir='ltr'>est</span> 
     </span>
     <span class='ocr_line' id='line_1_38' title="bbox 135 3535 1231 3619; baseline 0.004 -25"><span class='ocrx_word' id='word_1_332' title='bbox 135 3535 234 3596; x_wconf 76' lang='lat' dir='ltr'>titulus</span> <span class='ocrx_word' id='word_1_333' title='bbox 247 3537 373 3618; x_wconf 78' lang='lat' dir='ltr'>decoqui</span> <span class='ocrx_word' id='word_1_334' title='bbox 385 3540 414 3598; x_wconf 83' lang='lat' dir='ltr'>irs</span> <span class='ocrx_word' id='word_1_335' title='bbox 427 3545 498 3598; x_wconf 83' lang='lat' dir='ltr'>corle</span> <span class='ocrx_word' id='word_1_336' title='bbox 510 3542 582 3615; x_wconf 76' lang='lat' dir='ltr'>rogis</span> <span class='ocrx_word' id='word_1_337' title='bbox 595 3539 703 3619; x_wconf 76' lang='lat' dir='ltr'>furtum</span> <span class='ocrx_word' id='word_1_338' title='bbox 712 3543 879 3614; x_wconf 85' lang='lat' dir='ltr'>commiserit,</span> <span class='ocrx_word' id='word_1_339' title='bbox 901 3545 932 3598; x_wconf 88' lang='lat' dir='ltr'>et</span> <span class='ocrx_word' id='word_1_340' title='bbox 947 3539 979 3598; x_wconf 85' lang='lat' dir='ltr'>do</span> <span class='ocrx_word' id='word_1_341' title='bbox 994 3559 1024 3598; x_wconf 89' lang='lat' dir='ltr'>eo</span> <span class='ocrx_word' id='word_1_342' title='bbox 1044 3542 1092 3618; x_wconf 82' lang='lat' dir='ltr'>poi</span> <span class='ocrx_word' id='word_1_343' title='bbox 1106 3541 1136 3596; x_wconf 83' lang='lat' dir='ltr'>ia</span> <span class='ocrx_word' id='word_1_344' title='bbox 1157 3545 1231 3598; x_wconf 84' lang='lat' dir='ltr'>curte</span> 
     </span>
     <span class='ocr_line' id='line_1_39' title="bbox 136 3621 1230 3702; baseline 0.004 -24"><span class='ocrx_word' id='word_1_345' title='bbox 136 3621 212 3679; x_wconf 80' lang='lat' dir='ltr'>slacio</span> <span class='ocrx_word' id='word_1_346' title='bbox 232 3622 357 3683; x_wconf 74' lang='lat' dir='ltr'>comaco</span> <span class='ocrx_word' id='word_1_347' title='bbox 374 3623 505 3682; x_wconf 77' lang='lat' dir='ltr'>occiderit.</span> <span class='ocrx_word' id='word_1_348' title='bbox 533 3624 671 3701; x_wconf 79' lang='lat' dir='ltr'>significat</span> <span class='ocrx_word' id='word_1_349' title='bbox 693 3625 778 3683; x_wconf 86' lang='lat' dir='ltr'>etiam</span> <span class='ocrx_word' id='word_1_350' title='bbox 798 3623 905 3702; x_wconf 88' lang='lat' dir='ltr'>villam,</span> <span class='ocrx_word' id='word_1_351' title='bbox 924 3629 1061 3702; x_wconf 86' lang='lat' dir='ltr'>castrum,</span> <span class='ocrx_word' id='word_1_352' title='bbox 1084 3623 1230 3701; x_wconf 86' lang='lat' dir='ltr'>oppidum.</span> 
     </span>
     <span class='ocr_line' id='line_1_40' title="bbox 133 3705 1231 3788; baseline 0.005 -24"><span class='ocrx_word' id='word_1_353' title='bbox 133 3705 327 3765; x_wconf 83' lang='lat' dir='ltr'>Flodoardos:</span> <span class='ocrx_word' id='word_1_354' title='bbox 347 3707 454 3785; x_wconf 75' lang='lat' dir='ltr'>pridem</span> <span class='ocrx_word' id='word_1_355' title='bbox 465 3710 600 3788; x_wconf 83' lang='lat' dir='ltr'>presbyter</span> <span class='ocrx_word' id='word_1_356' title='bbox 610 3709 641 3768; x_wconf 82' lang='lat' dir='ltr'>de</span> <span class='ocrx_word' id='word_1_357' title='bbox 650 3708 767 3768; x_wconf 86' lang='lat' dir='ltr'>Booossis</span> <span class='ocrx_word' id='word_1_358' title='bbox 780 3716 851 3769; x_wconf 85' lang='lat' dir='ltr'>curte</span> <span class='ocrx_word' id='word_1_359' title='bbox 858 3711 871 3769; x_wconf 71' lang='grc' dir='ltr'>ι’</span> <span class='ocrx_word' id='word_1_360' title='bbox 888 3714 928 3769; x_wconf 85' lang='lat' dir='ltr'>sic</span> <span class='ocrx_word' id='word_1_361' title='bbox 940 3713 1007 3768; x_wconf 87' lang='lat' dir='ltr'>enim</span> <span class='ocrx_word' id='word_1_362' title='bbox 1023 3709 1093 3768; x_wconf 85' lang='lat' dir='ltr'>oilla</span> <span class='ocrx_word' id='word_1_363' title='bbox 1109 3714 1231 3769; x_wconf 79' lang='lat' dir='ltr'>uocatur.</span> 
     </span>
     <span class='ocr_line' id='line_1_41' title="bbox 134 3790 1230 3874; baseline 0.005 -27"><span class='ocrx_word' id='word_1_364' title='bbox 134 3790 304 3851; x_wconf 86' lang='lat' dir='ltr'>Godefridus</span> <span class='ocrx_word' id='word_1_365' title='bbox 323 3793 475 3852; x_wconf 83' lang='lat' dir='ltr'>monachus</span> <span class='ocrx_word' id='word_1_366' title='bbox 494 3793 524 3852; x_wconf 93' lang='lat' dir='ltr'>in</span> <span class='ocrx_word' id='word_1_367' title='bbox 543 3792 715 3852; x_wconf 83' lang='lat' dir='ltr'>Annalibus:</span> <span class='ocrx_word' id='word_1_368' title='bbox 736 3798 765 3854; x_wconf 85' lang='lat' dir='ltr'>irs</span> <span class='ocrx_word' id='word_1_369' title='bbox 783 3795 898 3874; x_wconf 66' lang='lat' dir='ltr'>padam</span> <span class='ocrx_word' id='word_1_370' title='bbox 915 3799 987 3855; x_wconf 83' lang='lat' dir='ltr'>curti</span> <span class='ocrx_word' id='word_1_371' title='bbox 1002 3793 1184 3854; x_wconf 74' lang='lat' dir='ltr'>monachorum</span> <span class='ocrx_word' id='word_1_372' title='bbox 1197 3793 1230 3852; x_wconf 88' lang='lat' dir='ltr'>de</span> 
     </span>
     <span class='ocr_line' id='line_1_42' title="bbox 132 3875 1231 3956; baseline 0.004 -21"><span class='ocrx_word' id='word_1_373' title='bbox 132 3875 226 3937; x_wconf 82' lang='lat' dir='ltr'>Euesa</span> <span class='ocrx_word' id='word_1_374' title='bbox 250 3878 344 3937; x_wconf 74' lang='lat' dir='ltr'>lutosa</span> <span class='ocrx_word' id='word_1_375' title='bbox 374 3878 405 3937; x_wconf 93' lang='lat' dir='ltr'>in</span> <span class='ocrx_word' id='word_1_376' title='bbox 426 3877 578 3956; x_wconf 85' lang='lat' dir='ltr'>diplomate</span> <span class='ocrx_word' id='word_1_377' title='bbox 599 3877 748 3938; x_wconf 83' lang='lat' dir='ltr'>Ludovici:</span> <span class='ocrx_word' id='word_1_378' title='bbox 778 3883 874 3940; x_wconf 82' lang='lat' dir='ltr'>curtim</span> <span class='ocrx_word' id='word_1_379' title='bbox 893 3886 1011 3939; x_wconf 69' lang='lat' dir='ltr'>notram</span> <span class='ocrx_word' id='word_1_380' title='bbox 1038 3877 1176 3956; x_wconf 84' lang='lat' dir='ltr'>Turogurs</span> <span class='ocrx_word' id='word_1_381' title='bbox 1199 3882 1231 3939; x_wconf 83' lang='lat' dir='ltr'>ia</span> 
     </span>
     <span class='ocr_line' id='line_1_43' title="bbox 134 3961 1076 4046; baseline 0.004 -27"><span class='ocrx_word' id='word_1_382' title='bbox 134 3961 236 4021; x_wconf 83' lang='lat' dir='ltr'>ducatu</span> <span class='ocrx_word' id='word_1_383' title='bbox 249 3963 435 4036; x_wconf 73' lang='lat' dir='ltr'>Alamarurico3</span> <span class='ocrx_word' id='word_1_384' title='bbox 455 3963 504 4021; x_wconf 91' lang='lat' dir='ltr'>ubi</span> <span class='ocrx_word' id='word_1_385' title='bbox 517 3964 620 4024; x_wconf 85' lang='lat' dir='ltr'>clarum</span> <span class='ocrx_word' id='word_1_386' title='bbox 632 3983 685 4044; x_wconf 92' lang='lat' dir='ltr'>pro</span> <span class='ocrx_word' id='word_1_387' title='bbox 690 3983 764 4044; x_wconf 81' lang='lat' dir='ltr'>pago</span> <span class='ocrx_word' id='word_1_388' title='bbox 773 3964 817 4025; x_wconf 84' lang='lat' dir='ltr'>rel</span> <span class='ocrx_word' id='word_1_389' title='bbox 831 3965 924 4046; x_wconf 84' lang='lat' dir='ltr'>oppido</span> <span class='ocrx_word' id='word_1_390' title='bbox 939 3964 1076 4045; x_wconf 87' lang='lat' dir='ltr'>usurpari.</span> 
     </span>
    </p>
   </div>
   <div class='ocr_carea' id='block_1_9' title="bbox 203 4081 1028 4158">
    <p class='ocr_par' dir='ltr' id='par_1_11' title="bbox 203 4081 1028 4158">
     <span class='ocr_line' id='line_1_44' title="bbox 203 4081 1028 4158; baseline 0.005 -20"><span class='ocrx_word' id='word_1_391' title='bbox 203 4085 266 4140; x_wconf 81' lang='lat' dir='ltr'>idid.</span> <span class='ocrx_word' id='word_1_392' title='bbox 283 4081 469 4156; x_wconf 66' lang='lat' dir='ltr'>cassiodoros]</span> <span class='ocrx_word' id='word_1_393' title='bbox 486 4085 588 4157; x_wconf 82' lang='lat' dir='ltr'>quinam</span> <span class='ocrx_word' id='word_1_394' title='bbox 602 4086 668 4156; x_wconf 85' lang='lat' dir='ltr'>siut,</span> <span class='ocrx_word' id='word_1_395' title='bbox 686 4092 776 4148; x_wconf 69' lang='lat' dir='ltr'>auctu</span> <span class='ocrx_word' id='word_1_396' title='bbox 792 4087 898 4158; x_wconf 81' lang='lat' dir='ltr'>exponit</span> <span class='ocrx_word' id='word_1_397' title='bbox 912 4086 1028 4142; x_wconf 84' lang='lat' dir='ltr'>interius.</span> 
     </span>
    </p>
   </div>
   <div class='ocr_carea' id='block_1_10' title="bbox 110 4201 1232 4366">
    <p class='ocr_par' dir='ltr' id='par_1_12' title="bbox 110 4201 1232 4366">
     <span class='ocr_line' id='line_1_45' title="bbox 219 4201 1231 4284; baseline 0.004 -26"><span class='ocrx_word' id='word_1_398' title='bbox 219 4201 293 4261; x_wconf 84' lang='lat' dir='ltr'>Sunt</span> <span class='ocrx_word' id='word_1_399' title='bbox 317 4207 347 4262; x_wconf 87' lang='lat' dir='ltr'>et</span> <span class='ocrx_word' id='word_1_400' title='bbox 374 4201 547 4284; x_wconf 76' lang='lat' dir='ltr'>uopreiioos.</span> <span class='ocrx_word' id='word_1_401' title='bbox 578 4219 646 4260; x_wconf 85' lang='lat' dir='ltr'>cave</span> <span class='ocrx_word' id='word_1_402' title='bbox 670 4203 825 4262; x_wconf 86' lang='lat' dir='ltr'>confundas</span> <span class='ocrx_word' id='word_1_403' title='bbox 845 4221 908 4262; x_wconf 90' lang='lat' dir='ltr'>cum</span> <span class='ocrx_word' id='word_1_404' title='bbox 932 4201 1103 4281; x_wconf 86' lang='lat' dir='ltr'>cortinariis,</span> <span class='ocrx_word' id='word_1_405' title='bbox 1131 4209 1231 4262; x_wconf 90' lang='lat' dir='ltr'>monet</span> 
     </span>
     <span class='ocr_line' id='line_1_46' title="bbox 110 4278 1232 4366; baseline 0.008 -25"><span class='ocrx_word' id='word_1_406' title='bbox 110 4285 113 4298; x_wconf 85' lang='lat'><em>&#39;</em></span> <span class='ocrx_word' id='word_1_407' title='bbox 135 4278 323 4366; x_wconf 84' lang='lat' dir='ltr'>Glossarium,</span> <span class='ocrx_word' id='word_1_408' title='bbox 338 4287 417 4366; x_wconf 54' lang='lat' dir='ltr'>«quia</span> <span class='ocrx_word' id='word_1_409' title='bbox 442 4287 489 4346; x_wconf 89' lang='lat' dir='ltr'>isti</span> <span class='ocrx_word' id='word_1_410' title='bbox 506 4287 672 4350; x_wconf 86' lang='lat' dir='ltr'>honoratum</span> <span class='ocrx_word' id='word_1_411' title='bbox 691 4307 791 4350; x_wconf 84' lang='lat' dir='ltr'>munus</span> <span class='ocrx_word' id='word_1_412' title='bbox 813 4286 1005 4366; x_wconf 87' lang='lat' dir='ltr'>obibant,·illi</span> <span class='ocrx_word' id='word_1_413' title='bbox 1024 4287 1085 4348; x_wconf 83' lang='lat' dir='ltr'>vile.</span> <span class='ocrx_word' id='word_1_414' title='bbox 1107 4287 1232 4350; x_wconf 86' lang='lat' dir='ltr'>Glossae</span> 
     </span>
    </p>
   </div>
   <div class='ocr_carea' id='block_1_11' title="bbox 0 0 1404 4690">
    <p class='ocr_par' dir='ltr' id='par_1_13' title="bbox 0 0 1404 4690">
     <span class='ocr_line' id='line_1_47' title="bbox 0 0 1404 4690; baseline 0 6"><span class='ocrx_word' id='word_1_415' title='bbox 0 0 1404 4690; x_wconf 95' lang='lat' dir='ltr'> </span> 
     </span>
    </p>
   </div>
  </div>
 </body>
</html>
