2744 4690
428 311 475 383 IN
492 312 640 382 contu
667 313 762 382 (ΒΑΡΓ
777 313 886 386 XVII.
1130 317 1205 389 ³55

4 479 8 516 '¹
118 479 255 558 quaedam
276 480 306 540 in
327 493 421 541 sacros
444 477 539 541 literas
559 479 591 540 S.
610 479 723 542 Ioannis
743 481 954 564 chrysostomi,
980 487 1013 544 ut
1032 483 1128 544 scribit
1146 483 1206 549 Ζο-

4 609 5 616 ¹
117 585 251 702 umidi&
285 645 416 731 augustipr
439 646 467 697 ct
499 642 779 726 amplior-putriarohii
805 646 864 700 suls
895 641 1042 731 Θωραΐτης
1070 651 1117 701 ost.
1151 647 1206 700 Ce-

4 743 6 768 t
119 715 211 768 drenne
229 733 255 768 ιιι
271 716 362 768 irenes
380 733 396 769 o
415 712 548 780 τρίκλινοι
571 730 623 765 τον
638 711 866 783 πατριαρχείονὸ
889 717 1031 783 λεγομενος
1050 711 1206 786 Θωμαΐτηρ.

119 781 518 906 ἓοςιιιιιιιιὴιὸορίιὶἳῆαἰζιέἰιιρι
526 780 645 903 Ιριιρίοῑι,
671 788 792 837 memoret
806 783 870 837 illud
892 783 1048 854 Augusteoni
1061 783 1205 838 adiunctum

147 870 186 906 roe
198 869 227 906 os
238 869 264 905 ιιι
310 868 367 904 exuo
551 887 558 902 .

202 957 269 1020 ibid.
309 955 511 1032 Angusteonem]
538 953 568 1012 in
582 952 732 1032 originibus
751 954 806 1033 cp.
825 961 855 1015 et
875 954 905 1014 in
922 955 1010 1014 Suidu
1026 973 1053 1016 v.
1071 957 1207 1034 Angusteo

117 1040 188 1102 haec
208 1042 244 1100 de
263 1038 445 1118 Augusteone
465 1039 603 1116 leguntur.
646 1043 739 1118 quinta
759 1041 913 1100 dionensis
939 1041 1059 1100 Octobris
1076 1043 1210 1120 praefecti

119 1132 257 1204 segionum
270 1127 341 1185 uadis
353 1130 382 1185 in
395 1125 577 1200 Augusteum,
597 1123 718 1183 uidelicet
728 1125 792 1202 soro
806 1125 941 1194 dulciario,
964 1125 1069 1194 choreas
1078 1127 1209 1205 'ducebant

120 1214 151 1269 in
164 1213 281 1270 tenorem
295 1213 338 1268 sni
348 1213 520 1286 imperatoris.
561 1210 641 1267 istum
653 1211 740 1284 igitur
753 1209 836 1268 tonum
845 1210 942 1286 uulgus
957 1210 1147 1286 Augustemem
1159 1231 1210 1270 nc-

121 1297 223 1373 minat,
243 1299 272 1353 in
286 1297 424 1374 quaenam
436 1295 530 1368 magni
549 1291 714 1351 Constantini
731 1299 756 1352 et
775 1295 871 1352 matris
889 1298 944 1353 eius
964 1295 1095 1354 columnae
1109 1298 1212 1374 positae

121 1385 191 1437 sunt.
232 1378 289 1437 idea
302 1383 327 1437 et
348 1379 433 1436 iocum
448 1379 646 1454 ,Angusteonem
664 1381 821 1451 nnmnooit,
843 1380 890 1456 poi
907 1383 988 1437 coma
1010 1384 1145 1456 gestium,
1162 1381 1211 1438 doc
1261 1441 1264 1446 ,

121 1468 161 1521 est
177 1460 268 1538 soram
292 1462 506 1540 cupedinarinm,
535 1459 676 1520 dicebatur.
724 1463 761 1520 de
782 1459 964 1540 Augusteone
982 1462 1071 1524 multa
1093 1463 1210 1523 Nicetes

120 1545 273 1607 choniates
293 1547 323 1606 in
343 1545 440 1607 Alexio
457 1544 593 1606 Manuelie
607 1545 744 1604 Comneni
756 1545 821 1608 tilio.

188 1661 252 1714 idid.
288 1659 382 1712 Suidae
400 1645 542 1728 interpres,
565 1673 616 1710 non
631 1657 675 1710 ille
691 1674 724 1711 vn
753 1667 809 1712 otus
833 1657 880 1712 sed
901 1657 1019 1728 ignotm,
1043 1675 1060 1712 a
1082 1660 1208 1714 Grctsero

119 1727 233 1795 relatus,
257 1743 334 1780 coece
356 1727 458 1797 penitus
481 1732 508 1778 ot
527 1725 617 1793 ignore
638 1721 688 1779 τὸν
710 1727 905 1795 Ανγονστεῶνα
929 1734 956 1780 et
976 1721 1009 1780 τὸ
1026 1723 1209 1795 Αὖγονστεῖον

121 1795 260 1848 contundit.
278 1796 311 1847 de
329 1795 441 1848 secundo
457 1793 559 1859 scripsit
577 1793 684 1862 Suidos,
710 1794 744 1847 de
765 1795 847 1864 primo
871 1801 959 1848 noster
982 1801 1081 1848 ductor.
1104 1791 1210 1864 Λύγιν-

121 1868 213 1917 oecion
228 1863 282 1916 iudi
299 1869 357 1916 sunt
372 1861 400 1915 in
416 1863 535 1914 honorem
551 1862 660 1930 Augusti
677 1863 777 1915 Romae
793 1862 929 1926 celebrati,
954 1863 1052 1916 Lotinis
1072 1865 1096 1916 A
1165 1872 1211 1917 tc-

122 1934 176 1986 iias
193 1932 229 1984 itu
245 1930 333 1984 scribit
348 1933 466 2000 vulgatus
484 1929 551 1983 inter
570 1947 626 1995 rese
642 1929 758 1999 idemque
778 1934 859 1984 reteri
881 1931 1047 2000 Dempeterue
1069 1930 1096 1983 in
1138 1948 1212 1988 orne.-

121 2001 162 2054 nis
178 1999 383 2070 Antiquitatibus.
400 1947 575 2067 Adpoooesdd
593 1999 663 2051 locus
680 2005 720 2051 est
736 1999 797 2063 GP,
815 2000 845 2052 S.
863 1998 975 2054 nimirum
993 1999 1105 2070 Sophiae
1118 2000 1211 2056 atrium

122 2070 171 2123 sub
195 2069 340 2122 Thomuite.
365 2060 397 2120 dv
421 2071 481 2128 τοῖς
503 2065 666 2134 canaonem
689 2067 739 2119 cod
760 2068 810 2135 τῆς
829 2063 947 2136 μεγάλης
971 2060 1113 2136 huncine
1128 2068 1211 2136 ναοῦ,

122 2126 1212 2275 νιιιιιιιιιιιιιοισοιιιιξιοιειοιέιιιιιι

121 2224 197 2328 dene
213 2224 455 2358 repertumyquoque
471 2273 518 2328 GP
534 2267 739 2341 Adyooocinva,
756 2273 894 2326 columnam
910 2271 1024 2326 nimirum
1035 2243 1152 2336 oeream,
1167 2271 1210 2325 cui

121 2343 254 2396 Iustiniani
274 2349 383 2396 statuum
399 2358 428 2395 su
448 2341 581 2413 erpositam
604 2347 691 2394 uenat
712 2341 843 2394 Cedrenue
859 2341 886 2393 in
903 2339 957 2392 eius
974 2341 1041 2393 vitas
1059 2335 1211 2462 ἔτληρῶθρ

122 2406 157 2464 di
174 2407 255 2466 naid
289 2411 388 2472 αλιιοῦς
433 2427 471 2464 αν
487 2405 502 2463 d
520 2406 554 2480 μέ
571 2427 617 2478 ας,
641 2403 857 2478 ὄΑόγονσιίων.
883 2412 910 2462 ct
930 2409 1053 2462 inferiuse
1078 2397 1194 2470 odcocd

122 2475 196 2533 ἐστιν
211 2474 227 2533 d
245 2431 312 2534 ndns
332 2473 507 2546 dteydpenoa
523 2428 703 2546 ndyoacetav.
720 2494 785 2546 quoe
798 2476 830 2530 de
846 2481 1010 2545 Augusteone
1026 2483 1101 2546 gustu
1112 2484 1140 2530 ot
1150 2477 1208 2530 toro

123 2547 285 2617 cupedinario
303 2549 330 2600 in
347 2548 450 2600 Graeco
467 2546 561 2630 Suidee
583 2553 655 2629 textu
671 2563 722 2629 ιιοιι
744 2545 901 2630 exstantibus
919 2545 1113 2629 retentoitstne
1127 2545 1212 2628 inter·

122 2613 1211 2752 ⁹¹⁶⁸·ttim⁶5tt⁸tttotttt¹²t2⁰“ttittiietdtt‘ectttii'c2'attuit

123 2689 212 2823 ddtdlpci
226 2752 353 2823 τρικλίνῳ
370 2701 647 2820 eodmtyoccitceqe‘,
666 2750 807 2821 βασίλισσα
822 2745 938 2818 Εἰρήνη.
955 2749 1072 2818 idemque
1088 2747 1211 2819 estquod

123 2822 217 2876 dicitur
232 2823 352 2892 χρυσοῦν
366 2821 532 2892 τρικλίνων,
547 2837 564 2873 ιι
581 2819 746 2874 tusdnianoi
762 2826 931 2885 exstructum,
948 2818 981 2871 dc
996 2833 1047 2887 quo
1062 2816 1130 2870 aiibi.

206 2928 243 2986 ib.
262 2946 288 2987 v.
313 2929 358 2990 10.
390 2923 553 3005 epicombia]
580 2923 676 2983 Iunius
699 2925 739 2982 ait
752 2915 912 3004 ἐτιιὸμβια
925 2923 1011 2982 fuisse
1024 2921 1152 2996 missilia,
1168 2921 1212 2980 'sic

125 3010 201 3070 dicta
214 3011 394 3086 quodessent
407 3006 514 3092 κὸμβοι
535 3003 636 3074 ἐπάνω
659 3003 758 3070 αὐτῶν
765 3054 778 3086 ,
802 3009 870 3090 qnod
890 3007 952 3068 nodi
967 3027 1048 3086 snpra
1070 3025 1102 3065 ec
1120 3014 1213 3078 essent,

127 3097 219 3173 quibus
232 3091 306 3154 erant
318 3100 418 3155 nummi
433 3101 569 3175 propterea
589 3093 762 3167 circumdati,
783 3113 816 3153 ne
835 3097 910 3152 iactu
926 3093 1067 3171 populum,
1088 3093 1119 3148 in
1139 3109 1213 3168 quem

126 3179 311 3252 mittebantur,
342 3180 507 3256 offenderem.
548 3179 599 3236 sed
623 3180 683 3238 sine
707 3177 792 3237 dubio
815 3177 913 3236 adeline
938 3177 1019 3234 scivit
1042 3174 1216 3253 curopalate

128 3262 196 3339 quid
216 3267 310 3320 essent
331 3255 506 3344 ἒπικόμβια,
533 3262 740 3339 οιιαιιιΙαιιὶαο.
792 3261 833 3321 ita
848 3281 917 3340 ergo
936 3260 996 3320 ille:
1023 3255 1162 3339 episimone
1182 3257 1217 3322 ἐκ

126 3346 246 3408 πανίαν
259 3340 436 3420 κόπτοντες,
452 3349 602 3426 particulas
612 3367 645 3407 en
655 3351 752 3425 pannis
762 3354 921 3422 resecantes,
942 3351 968 3405 et
981 3349 1010 3405 in
1024 3343 1141 3422 quotibet
1150 3362 1218 3422 par·
1280 3407 1284 3418 1

127 3431 212 3490 ticnla
222 3433 308 3509 panni
316 3434 371 3490 tric
381 3451 463 3490 aureo
472 3434 629 3490 numinnota
639 3437 665 3488 et
678 3432 785 3489 totidem
804 3437 931 3506 argentea
949 3433 974 3488 et
995 3433 1047 3486 tres
1064 3427 1147 3504 odotos
1161 3427 1218 3486 col·

128 3515 263 3590 ligantes,
290 3517 435 3592 proficiunt
459 3519 488 3575 in
500 3514 702 3574 multitudinem
751 3514 889 3592 ῥίπτουσι
912 3509 945 3574 δὲ
964 3505 1118 3584 τοιούτους
1142 3505 1220 3574 ιἰισο·

128 3600 264 3678 dispone.
301 3603 447 3676 panteiano
456 3619 516 3659 uero
529 3597 678 3659 huiusmodi
685 3597 851 3678 fasciculos,
873 3599 903 3654 et
916 3605 949 3654 ut
962 3597 1002 3654 sic
1016 3595 1122 3673 dicam,
1143 3596 1217 3673 tiga-

102 3729 109 3742 ,
127 3690 221 3759 tusas,
233 3681 336 3742 Latine
348 3685 460 3745 missilia
470 3684 524 3744 (fici
533 3689 660 3763 possunt.
682 3681 752 3742 ethi
766 3681 899 3762 soseicsdi
909 3686 1045 3742 uocantur
1058 3673 1219 3760 ἕτιιιόμβια

126 3787 146 3828 a
161 3769 237 3826 nodo
257 3786 314 3843 quo
326 3768 503 3847 colligantur,
529 3788 581 3828 seu
600 3769 678 3844 quod
690 3761 831 3848 κόμβοις,
848 3765 903 3826 hoc
915 3771 960 3824 est
973 3765 1064 3843 nodis,
1079 3764 1216 3824 constrin-

127 3858 239 3930 gantur.
267 3853 303 3910 de
328 3853 427 3912 iisdem
443 3853 629 3935 ἐπικομβίοις
650 3873 679 3932 p.
702 3856 744 3918 97
769 3870 796 3912 v.
818 3855 847 3913 2.
873 3852 909 3909 de
928 3851 1013 3910 verbo
1034 3841 1216 3928 ἔτικομβόοι,
1234 3866 1256 3920 ι»
1272 3869 1324 3926 254

127 3955 195 3996 num
216 3935 354 3997 Graecum
376 3939 414 3997 sit
435 3955 472 3997 an
491 3937 651 4015 barbamm,
672 3937 799 4015 disputat
817 3934 935 3994 Photius
953 3936 983 3994 in
1006 3933 1121 4011 2epist.
1135 3933 1217 3991 exiis
1240 3994 1242 3998 ,

130 4037 203 4096 quae
211 4039 302 4100 nuper
319 4023 348 4081 in
366 4021 455 4081 iucem
474 4023 645 4100 prodierunt.
668 4041 671 4048 ’
688 4021 724 4079 de
735 4020 837 4080 iisdem
850 4018 1040 4100 ἒπικομβίοις·
1047 4013 1146 4076 eadem
1158 4016 1218 4074 sere

129 4105 248 4164 Ioannes
269 4105 481 4166 cantoennenus
494 4105 512 4164 l.
530 4112 546 4169 t
562 4108 599 4165 de
612 4104 690 4164 bellis
702 4106 776 4164 inter
788 4103 963 4165 Andronicos
977 4120 1059 4160 avum
1076 4106 1107 4159 et
1129 4117 1219 4178 nepo-

129 4194 205 4262 tem;
225 4191 279 4251 nisi
292 4193 369 4266 quod
382 4210 417 4252 ea
430 4191 528 4270 spargi
541 4191 624 4268 dicit,
644 4195 795 4269 postquem
807 4191 958 4268 imperator
975 4188 1030 4245 iam
1045 4186 1175 4244 inunctus
1188 4191 1219 4245 et
1327 4241 1333 4252 ,

129 4275 312 4352 inauguratus
325 4295 360 4338 ex
372 4275 478 4360 templo
492 4277 634 4357 egreditur
648 4274 684 4357 (t
701 4281 714 4342 1
728 4295 756 4356 p.
770 4274 833 4341 203
847 4271 960 4352 Bomn).
1000 4287 1096 4331 rursm
1116 4268 1155 4330 de
1170 4268 1220 4330 iis·
