2822 4684
165 315 240 390 206
317 309 527 388 GRETSERI
545 317 601 384 ΕΤ
617 314 750 385 'GOARI
767 313 1101 392 COMMENTARIUS

163 480 223 536 titia
247 473 370 552 οὐραγοῦ
392 481 463 537 vices
485 479 598 546 obtinet,
623 477 668 550 qui
689 475 775 531 alexii
788 477 860 532 tertii
879 481 996 546 tempora
1014 476 1082 530 circa
1099 475 1144 532 ΟΡ
1161 480 1283 550 οιιρῒιῑιιιΙ

163 545 356 636 mancipaturos
377 541 509 623 σεβαστός
529 548 639 604 ridicule
660 547 795 617 audiebat,
819 547 884 603 luris
899 549 953 600 GR
971 566 998 618 p.
1019 546 1071 602 285
1095 545 1123 600 iu
1143 563 1264 617 suprema

164 635 287 692 rnargrno.

249 744 278 802 p.
294 725 334 792 12
346 739 373 782 v.
391 723 437 786 19.
471 719 522 785 tat
546 723 604 785 roci
626 717 804 782 nwcnieiov
821 709 874 799 ἦν]
902 719 974 778 male
1004 717 1117 779 Iunius:
1147 720 1265 780 mntcleo

164 810 537 887 snerinperatoricpraccrat
553 813 634 885 atpce
649 807 798 866 sennaar.
830 823 929 864 sensus
942 824 1024 863 verus
1045 812 1089 864 est
1111 825 1195 882 quem
1214 825 1264 864 ex-

163 895 271 976 pressi:
282 897 374 952 tanta
386 893 459 951 enim
469 898 531 952 erat
544 891 664 952 canaclei
678 891 801 968 dignitas
818 896 853 949 ut
865 896 963 970 posset
975 891 1125 968 impetrare
1138 892 1194 950 filio
1209 911 1263 950 suo

164 979 250 1040 filiam
259 979 433 1057 imperatoris
447 985 477 1038 et
489 979 562 1037 filiae
580 977 674 1050 filium
702 975 858 1054 exemplum
875 976 998 1034 invenies
1016 977 1093 1054 apud
1107 977 1265 1056 Gregoram

163 1065 183 1126 l.
197 1071 216 1130 7
232 1070 262 1124 et
271 1063 531 1123 Cantacuzenumh
550 1067 576 1126 1.
592 1061 706 1120 Graecis
720 1063 802 1120 unico
815 1060 951 1120 vocabulo
965 1061 1066 1120 dicitur
1077 1064 1264 1124 navanteicov

165 1147 314 1212 meieni.
336 1149 413 1228 apud
427 1147 545 1224 Tyrium
557 1150 599 1212 22
614 1152 633 1212 6
648 1148 801 1208 canacliorn
813 1146 985 1225 appellatur,
998 1152 1032 1204 ut
1045 1152 1075 1206 et
1084 1148 1114 1205 in
1126 1146 1263 1226 Ligurino

166 1235 307 1294 Guntheri
319 1233 338 1292 l.
350 1237 388 1298 8:
407 1235 506 1294 Graan
519 1236 679 1310 cognominis
692 1253 743 1292 nra
753 1232 813 1291 hinc
831 1233 978 1291 caniclinus
992 1239 1066 1308 erat,
1085 1234 1159 1292 nodis
1176 1253 1264 1292 cane·

165 1324 256 1381 rarius
276 1320 345 1379 idern
360 1338 414 1379 ene
428 1323 520 1398 potest.
562 1317 719 1378 Radevicus
734 1317 921 1378 cancellariam
938 1318 1138 1396 interpretatur
1157 1317 1176 1377 l.
1194 1321 1212 1381 1
1227 1319 1264 1376 de

166 1407 254 1484 gestis
265 1405 399 1463 Frideriei
412 1403 482 1483 Imp.
493 1424 516 1463 a.
531 1402 589 1468 47:
610 1423 680 1463 nnuc
694 1403 726 1465 de
738 1407 823 1462 anais
828 1403 948 1480 palatii,
968 1405 1123 1462 canaclinas
1131 1403 1264 1481 uidelicet,

167 1509 298 1572 quemnos
314 1491 499 1550 cancellariam
518 1487 603 1547 dicere
614 1507 763 1565 patruinus.
783 1507 878 1546 verum
888 1506 939 1546 nee
955 1489 1119 1546 camerariis
1132 1507 1184 1548 nec
1197 1507 1265 1546 can-

167 1576 293 1636 cellarius
309 1580 388 1651 erat,
412 1576 464 1632 sed
484 1573 588 1633 ordinis
612 1573 698 1652 longe
720 1572 842 1632 celsioris
864 1580 894 1634 et
909 1573 1085 1648 augustioris.
1105 1580 1167 1632 erat
1181 1593 1265 1632 cana-

153 1651 155 1658 ’
168 1659 257 1720 eleum
267 1659 493 1738 augustissimum
510 1664 540 1717 et
557 1659 858 1735 magnificentissimum
871 1657 1022 1737 palatium,
1038 1658 1082 1716 cui
1097 1659 1151 1716 sub
1167 1657 1264 1718 Theo-

167 1746 245 1826 phila
264 1745 434 1823 imperatore
465 1745 644 1803 iconomacho
669 1743 781 1803 canidei
806 1743 888 1802 titulo
920 1749 1048 1821 praeerat
1071 1743 1265 1824 Theoctistus‚

167 1837 251 1890 tanta
269 1831 360 1908 gratia
373 1831 450 1908 apud
467 1829 655 1908 Theophilum
672 1830 781 1908 pollens
802 1836 836 1887 ut
855 1829 935 1904 quasi
953 1829 1093 1888 secundus
1113 1831 1265 1910 imperator

168 1922 259 1992 esset,
279 1921 354 1975 teste
374 1916 487 1974 Zonara
506 1917 538 1974 in
559 1914 725 1994 Theophila.
743 1915 904 1973 adiunctum
921 1920 982 1974 erat
1002 1915 1127 1974 eiusdem
1146 1917 1266 1976 nominis

167 2001 382 2079 monasterium,
398 2003 428 2059 in
443 2003 520 2078 quod
533 2000 708 2080 Nicephorus
721 2001 886 2060 Boioniates
896 1998 986 2058 Alexii
998 2001 1135 2059 Comneni
1153 2008 1183 2060 et
1196 2002 1266 2060 aiio-

148 2106 232 2161 ,rum
256 2087 461 2148 coniuratorum
482 2093 600 2146 matrem
621 2093 651 2146 et
667 2087 799 2166 coniuges
825 2085 1002 2168 amandavit,
1022 2092 1056 2146 ut
1074 2087 1170 2146 scribit
1185 2088 1266 2168 idern

169 2172 296 2234 Zonaras
309 2173 339 2232 in
348 2171 447 2232 Alexio
463 2172 617 2232 comneno.
650 2167 651 2172 ’

254 2271 299 2334 De
323 2273 444 2332 canicleo
470 2293 521 2332 seu
548 2274 689 2352 praefecto
720 2273 832 2332 caniclei
856 2273 982 2332 Codinus
1006 2293 1033 2352 p.
1056 2273 1098 2336 17
1117 2272 1162 2331 ed.
1183 2269 1265 2333 Iun:

171 2353 260 2421 diat
279 2361 336 2420 τοῦ
355 2353 524 2422 nanrnieioo
546 2354 721 2439 ὀχούμενος,
753 2378 826 2435 equo
853 2360 958 2418 scilicet
986 2359 1029 2419 vel
1058 2358 1113 2417 alio
1139 2357 1265 2418 vehiculo

168 2443 244 2501 intra
265 2440 357 2501 aulam
378 2443 570 2521 Cpolitanam3
593 2445 670 2522 quod
691 2443 759 2502 nulli
780 2445 859 2504 adteri
874 2463 1043 2504 concessum.
1086 2462 1190 2520 magna
1203 2449 1266 2500 erat

170 2527 310 2606 dignitas,
339 2529 416 2586 cuius
437 2529 542 2607 passim
562 2529 594 2589 fit
613 2531 719 2589 mentio
740 2531 817 2609 apud
837 2530 983 2589 historicos
1006 2530 1137 2590 Graecos.
1180 2527 1266 2588 Ioan-

168 2631 220 2672 nes
241 2613 413 2692 Curopalata
429 2615 459 2672 in
479 2615 615 2674 Michaele
634 2615 781 2674 Rancabe:
813 2620 916 2676 animae
944 2616 1071 2696 quasdam
1091 2613 1211 2674 maculas
1228 2618 1264 2673 si·

168 2698 254 2760 malai
269 2719 296 2760 ce
313 2700 420 2778 quidam
438 2701 562 2778 religioso
582 2701 715 2782 caplicore
732 2701 796 2762 uelle
813 2721 861 2780 per
885 2702 1081 2775 Theoractum,
1116 2719 1190 2778 quen
1214 2720 1267 2779 po-

169 2789 228 2843 stea
249 2785 361 2844 caniciei
379 2785 512 2862 dignitate
536 2788 681 2850 honoravit.
726 2788 823 2847 eadem
837 2789 872 2846 de
887 2787 998 2846 caniclei
1011 2785 1152 2866 praefecto
1168 2784 1267 2844 Theo-

168 2869 253 2926 ctisto
277 2869 440 2947 Cedrenus,
460 2871 508 2928 ubi
529 2873 566 2930 de
587 2872 672 2930 caede
692 2869 796 2931 Leonis
816 2869 931 2931 Armeni
951 2873 1019 2951 agit.
1060 2872 1136 2930 idem
1158 2871 1265 2928 Cedre-

168 2972 223 3011 nus
243 2953 339 3012 scribit
360 2956 450 3013 occiso
471 2957 615 3034 praedicto
636 2957 802 3016 Theoctisto
823 2976 841 3016 a
863 2959 972 3036 Barda,
1000 2956 1121 3016 Bardam
1142 2955 1266 3032 dignita-

169 3043 227 3096 tem
248 3038 361 3096 caniclei
391 3040 421 3097 in
450 3059 482 3098 se
513 3043 697 3102 transtulisse.
740 3043 914 3120 Curopalata
932 3044 963 3102 in
983 3041 1170 3100 Constantino
1191 3038 1267 3097 Leo-

169 3123 213 3182 nis
234 3122 306 3181 filio:
324 3123 482 3204 paulopost
498 3129 593 3188 missus
613 3134 652 3187 en
667 3129 701 3188 ab
722 3131 847 3204 Arcgusta
865 3132 999 3210 patricius
1014 3124 1140 3186 Basilius
1155 3127 1269 3186 curricici

164 3207 327 3286 praefectus.
383 3210 420 3268 de
451 3211 550 3271 eodem
576 3213 688 3271 caniciei
712 3214 854 3291 praefecto
884 3213 1049 3272 Theoctisto
1076 3213 1203 3272 Zonaras
1235 3211 1266 3269 in

170 3289 328 3376 Theophila
350 3294 531 3373 imperatore:
562 3317 670 3358 uxorem
694 3305 720 3356 ct
746 3299 859 3358 caniciei
874 3299 1040 3380 praesectum
1060 3299 1172 3358 multam
1193 3297 1267 3354 obte-

168 3383 257 3438 status
275 3385 314 3439 est
328 3377 530 3462 (Theophilus)
544 3401 577 3442 ne
587 3389 739 3462 poterentur
751 3385 912 3444 vinnandas
921 3387 1050 3460 imagines
1061 3386 1160 3464 reponi.
1190 3383 1265 3440 idem

168 3462 295 3524 Zonaras
315 3466 345 3526 in
365 3465 464 3526 Alexio
484 3469 644 3531 Comneno:
668 3468 791 3530 Conncni
808 3472 883 3528 rebar
904 3474 960 3530 sais
981 3473 1036 3530 iam
1057 3472 1165 3528 intuto
1186 3467 1267 3526 colto-

169 3553 258 3625 cctie,
285 3557 394 3611 notram
415 3559 441 3612 ct
460 3557 584 3630 contogo
606 3555 640 3616 in
659 3559 715 3634 τῆς
737 3558 832 3633 μονῆς
847 3558 902 3617 rori
922 3555 1118 3628 κανακλείου,
1150 3571 1183 3612 en
1210 3569 1265 3610 ma

168 3638 284 3695 austerio
305 3637 425 3714 caniciei,
445 3639 483 3697 ad
503 3643 606 3716 regiam
627 3644 825 3700 accersiverunt.
866 3640 915 3697 uhi
935 3641 1054 3701 Wolfius
1074 3640 1211 3716 interpres
1232 3656 1266 3694 ec

170 3721 285 3780 canicieo
312 3725 474 3782 monasterio.
517 3743 551 3783 ex
568 3714 636 3802 'qua
665 3726 792 3785 versione
818 3727 953 3804 suspicari
983 3727 1045 3802 quis
1073 3729 1170 3804 posset
1190 3723 1267 3780 cani-

169 3803 259 3863 cleum
278 3806 365 3866 fuisse
384 3811 591 3887 monasterium,
612 3813 724 3870 tametsi
744 3813 876 3870 adiuncto
897 3812 1017 3892 palatio:
1039 3829 1105 3870 nam
1125 3811 1268 3867 monaste-

170 3891 235 3967 riis,
254 3893 418 3950 nominatim
438 3893 464 3950 ei
486 3897 563 3968 quod
582 3897 759 3974 Hodegetria
778 3898 984 3975 nominabatur,
1007 3901 1036 3956 et
1059 3895 1171 3973 templis
1185 3913 1268 3972 prae-

61 4019 66 4028 .
170 3975 274 4054 cipuis,
295 3982 329 4035 ut
349 3977 567 4058 Blacherniano,
591 3983 815 4060 adjungebantur
836 3983 955 4061 palatia,
975 3984 1005 4040 in
1026 3982 1127 4056 quibus
1147 3982 1268 4060 impera-

169 4066 246 4119 tores
265 4062 310 4122 vel
329 4064 442 4141 pietatis
462 4065 506 4123 vel
519 4069 695 4126 recreationis
708 4087 792 4126 causa
806 4067 956 4144 aliquando
969 4067 1160 4128 versabantur.
1202 4065 1269 4124 hinc

169 4144 267 4204 Iunius
295 4143 349 4211 cdv
377 4146 427 4211 ἐπὶ
455 4153 511 4212 cori
533 4154 703 4215 nuocnieioo
729 4159 813 4232 putat
840 4155 1013 4232 praefectum
1037 4152 1123 4210 fuisse
1143 4150 1214 4209 arcis
1236 4156 1266 4208 et

169 4233 330 4291 monasterii
350 4234 405 4294 hoe
424 4236 535 4294 nomine
548 4237 578 4294 in
590 4238 659 4297 urbe
674 4239 833 4318 Cpolitaaa.
876 4257 948 4316 quae
960 4238 1015 4296 fuit
1028 4238 1113 4296 etiam
1126 4236 1268 4295 sententia

168 4313 265 4376 Woltii
298 4320 328 4378 in
360 4319 451 4380 indice
479 4321 517 4379 ad
551 4321 700 4384 Zonaram.
742 4325 902 4401 conicienm,
940 4322 1046 4401 inquit,
1082 4324 1268 4382 monasterinm
