2798 4690
58 1284 61 1296 ’
172 1401 198 1408 ,.
342 1290 1083 1425 munuuunrurs
1177 1389 1180 1397 1

531 1551 895 1630 CAPUT.t

236 1803 266 1862 p.
275 1776 316 1846 43
322 1801 348 1842 v.
357 1781 404 1848 15,
414 1783 453 1841 ad
466 1787 525 1840 not.
540 1735 729 1846 Εντεῦθεν
747 1781 782 1846 αἱ
797 1780 898 1866 ἑορταί
910 1787 963 1842 etc.
979 1783 1009 1842 in
1022 1784 1083 1844 cod.
1097 1783 1184 1845 Boico
1196 1787 1265 1847 titu-
1281 1787 1304 1842 P
1321 1791 1372 1848 213

69 1869 80 1880 “
164 1870 209 1931 lus
222 1871 303 1931 huius
316 1873 416 1952 capitis
432 1875 473 1932 ito
487 1873 589 1935 habet:
609 1870 693 1951 τάξις
708 1872 851 1957 γινομένη
868 1873 900 1936 ἐν
915 1881 981 1948 ταῖς
995 1875 1182 1952 δεσποτικαῖς
1197 1879 1267 1962 iop-

165 1963 249 2032 ταῖς,
264 1959 357 2037 sonno
374 1959 506 2020 obseruari
518 1963 598 2022 solito
613 1963 643 2020 in
657 1961 741 2038 sestis
756 1959 975 2020 christiannos.
996 1979 1061 2019 uam
1085 1982 1136 2040 per
1157 1965 1266 2028 δεσπο-

161 2039 250 2116 .τικα“ς
264 2039 367 2123 ἑορτάς
376 2043 536 2122 intelligunt
550 2046 651 2104 Graeci
663 2065 722 2104 non
736 2045 796 2102 dies
806 2045 975 2123 dominioos,
994 2047 1046 2106 sed
1060 2047 1134 2108 festa
1150 2049 1266 2110 Christo

84 2167 85 2170 =
166 2129 281 2191 domino
296 2131 409 2208 proprie
425 2131 535 2209 dicata,
557 2149 630 2208 quae
649 2135 717 2188 sunt
729 2130 798 2188 ista:
821 2129 1020 2188 obaeratismus
1039 2133 1098 2190 sive
1117 2136 1267 2194 annuntio-

162 2215 208 2272 tio
228 2213 255 2272 b.-
274 2214 405 2292 virginis,
425 2217 557 2284 nativitus
584 2217 706 2292 Christi,
726 2215 889 2294 hypapante
909 2217 967 2274 sive
984 2217 1140 2295 purificatio
1162 2219 1189 2278 b.
1211 2222 1267 2280 vir-

165 2299 254 2376 ginis,
274 2299 423 2378 epiphania
436 2320 486 2359 seu
501 2301 644 2380 baptisma
666 2299 787 2377 Christi,
809 2301 923 2381 quando
936 2319 955 2360 a
970 2299 1076 2360 Ioanne
1096 2304 1125 2362 in
1146 2303 1267 2364 Iordane

166 2383 328 2463 baptizatus
355 2392 412 2463 est,
442 2387 650 2468 transfiguratio
678 2385 803 2463 domini,
836 2386 1012 2447 resuscitatio
1045 2385 1163 2466 Lazari,
1193 2391 1267 2450 festa

166 2469 340 2548 palmarum,
360 2471 429 2548 ligni
451 2491 502 2530 seu
523 2492 545 2532 s.
574 2472 678 2548 crucis,
701 2472 930 2550 resurrectionis,
951 2473 1137 2552 ascensionis,
1158 2475 1267 2535 missio-

166 2556 210 2613 nis
235 2575 258 2614 s.
279 2557 411 2636 spiritus,
433 2558 632 2636 assumptionis
655 2558 683 2615 d.
714 2556 837 2632 virginis.
867 2557 917 2615 ubi
937 2576 989 2636 per
1009 2558 1113 2618 festum
1128 2559 1199 2638 lr'goi
1215 2578 1266 2620 seu

165 2659 188 2698 ι.
198 2645 286 2701 orons
301 2659 360 2703 uon
377 2647 487 2714 tantum
504 2643 669 2720 intelligitur
683 2659 834 2720 parasceue
853 2641 901 2700 illa
917 2659 974 2718 qua
988 2643 1118 2702 Christus
1140 2646 1169 2702 in
1186 2665 1267 2704 cruce

165 2727 320 2784 exstinctis
334 2731 396 2804 est,
412 2729 463 2786 sed
481 2733 510 2786 et
525 2729 628 2786 festum
649 2727 826 2787 exaltationis
847 2746 870 2786 s.
885 2728 987 2786 crucis:
1008 2747 1074 2789 num
1097 2735 1127 2788 et
1142 2729 1196 2790 hoc
1214 2751 1268 2790 nu-

164 2816 275 2871 merant
289 2811 389 2870 Graeci
402 2813 508 2895 etipse
521 2813 648 2873 Codinus
661 2815 759 2874 noster
767 2812 798 2870 in
812 2813 963 2892 despoticis
976 2813 1060 2872 feriis.

162 2961 166 2966 ,
247 2914 315 2976 ibid.
347 2913 451 2974 ibidem
474 2915 625 2994 legendum
648 2916 760 2976 videbit
784 2917 1041 3000 Xpooroopsouoio.
1066 2912 1170 2994 legitur
1183 2917 1267 2979 etiam

162 2997 325 3058 disiunctim
346 3003 479 3079 Χριστοῦ
492 2999 590 3084 γέννα.

162 3103 167 3172 Ῐ
197 3159 199 3164 .
249 3102 286 3160 ¹7³·
308 3119 335 3162 v.
356 3103 407 3166 20.
437 3096 601 3182 τταραμονή
623 3103 669 3162 hic
689 3109 734 3164 est
756 3102 871 3180 uigilia,
898 3099 936 3160 ad
965 3099 1081 3160 verbum
1107 3102 1188 3178 quasi
1216 3123 1267 3162 ex-

168 3189 296 3262 spectatio
310 3186 388 3264 serti
408 3187 505 3267 inepte
517 3188 614 3249 Iunius
628 3193 753 3251 stativam
763 3187 862 3266 serium
876 3186 969 3264 vertit,
985 3187 1073 3262 idque
1085 3205 1144 3245 non
1156 3193 1268 3246 tantum

169 3287 233 3328 meo
248 3270 299 3326 sed
313 3276 342 3330 et
354 3270 470 3330 Meursii
492 3275 602 3332 iudicio.
620 3275 717 3354 inepte
728 3273 833 3332 ibidem
852 3271 894 3343 εἰς
911 3267 965 3332 τᾶν
987 3267 1103 3351 ὄρθρον
1118 3274 1204 3330 vertit
1217 3275 1269 3331 ad-

165 3353 328 3413 'verbialiter
339 3361 485 3416 matutino:
508 3359 564 3417 imo
577 3358 614 3417 ud
627 3363 803 3433 mutatinum,
824 3356 862 3416 od
876 3356 968 3414 loudeo
985 3358 1141 3414 matutinos.

239 3451 301 3508 ibid.
328 3451 419 3506 Basilii
443 3453 534 3508 missae
559 3455 648 3509 titulus
669 3455 696 3508 in
722 3451 897 3520 Euchologior
921 3445 953 3505 ἐν
976 3453 1012 3522 τῇ
1038 3453 1190 3523 σαραμονή
1218 3455 1269 3522 τής

160 3519 223 3596 ι’1ιοῦ
244 3519 366 3583 Χριστοῦ
388 3517 468 3592 ήμῶν
491 3521 649 3594 γεννήσεως.
693 3524 844 3576 Menaeumr
873 3517 901 3573 et
915 3516 983 3593 τήγρ
1005 3516 1024 3589 ή
1048 3518 1200 3594 παραμονή
1218 3525 1270 3594 τῆς
1356 3527 1368 3548 ⁴

170 3589 291 3659 Χριστοῦ
306 3584 385 3659 ήμσῖν
400 3589 550 3661 γεννήσεως
567 3589 597 3649 ἐν
614 3589 763 3665 σαββάτῳ,
779 3583 800 3660 ή
815 3589 944 3660 κυριακῇ.

168 3683 172 3688 “
226 3676 303 3760 flia·
342 3673 383 3760 εἰς
418 3672 470 3730 τὸν
495 3673 611 3763 ,ὄρθρον
647 3673 697 3761 μή.
724 3669 899 3758 ἐξελθόντος]
931 3674 1064 3798 ρετγίςὶἰίἰ
1094 3675 1270 3760 nataliciorum

170 3743 268 3828 Christi
285 3745 397 3828 ostiorum
413 3751 563 3832 matutinum
580 3748 712 3802 laudandis
731 3745 864 3830 lhogemaa
880 3748 909 3795 et
935 3745 1046 3828 ‘oudam
1068 3745 1188 3830 Philippo
1201 3747 1271 3830 ‘Ilu-

169 3817 629 3952 hltbtllultbllblllll
643 3815 1270 3956 ttllllbnttdhlllllttfflaltit}

169 3968 221 4022 que
241 3968 292 4005 non
308 3953 428 4006 convenit
442 3953 592 4023 imperator,
617 3955 684 4025 quod
702 3955 757 4006 eius
772 3950 916 4006 solemnitor
933 3951 1016 4004 minor
1032 3951 1063 4005 sit
1080 3969 1128 4004 uec
1144 3952 1209 4004 adeo
1226 3953 1268 4006 ie-

170 4020 252 4075 stivae
277 4022 340 4076 aliar
362 4023 437 4076 horas
460 4023 590 4077 Christum
607 4023 657 4076 iarn
677 4029 762 4076 natum
779 4024 945 4092 personantes
962 4036 993 4072 ao
1012 4021 1171 4074 celebrantes
1188 4021 1268 4074 audit.

168 4088 251 4159 iprum
268 4090 403 4144 Menaeum
420 4092 557 4146 minoribus
574 4092 643 4145 horis
660 4091 781 4162 praefigit
796 4089 909 4143 titolum:
934 4083 1012 4157 ἀργή
1031 4089 1080 4157 τής
1091 4083 1271 4152 ’ἄκολονθίας

168 4159 227 4212 τῶν
245 4154 325 4226 ὡρῶν
343 4159 394 4228 τῆς
409 4157 483 4215 κακοὶ
500 4157 591 4227 σάρκα
607 4157 757 4230 γεννήσεως
772 4159 824 4213 τοῦ
840 4157 949 4223 κνρίον.

183 4272 186 4280 ·
238 4261 264 4334 p.
278 4246 314 4298 44
326 4263 351 4298 v.
364 4247 389 4300 t.
409 4241 479 4314 μετὰ
495 4241 548 4316 τήν
563 4240 711 4316 ἀπόλυσιν]
727 4245 843 4313 »supplex
861 4241 1026 4298 ecclesiastici
1044 4239 1123 4293 oflicii
1140 4241 1268 4297 conclusio

169 4318 212 4368 ast
229 4309 370 4376 ασόλνσις.
404 4321 506 4370 scatent
521 4315 689 4386 undequaque
705 4313 827 4384 exemplis
844 4311 1010 4368 ecclesiastici
1028 4309 1096 4368 libri.
1129 4310 1269 4367 inscienter

212 4393 304 4447 Codiu.
324 4393 474 4466 Caropolot.
497 4397 530 4453 do
551 4397 628 4466 Offic.
707 4409 713 4413 ’
1023 4384 1062 4448 18
