2822 4684
514 323 561 394 IN
575 325 725 395 CODINI
745 325 832 396 clu.
857 325 918 396 lv.
1185 326 1259 399 23⁵

161 511 212 564 qne
227 507 290 546 vero
307 451 429 546 Michaeli
445 492 471 545 et
487 487 621 555 Gabrieli,
639 487 757 544 coelestis
772 489 877 546 mittiue
893 487 1063 562 principibus,
1091 487 1204 544 Basilius
1217 507 1261 544 re-

132 602 134 608 ,
160 564 227 629 εἰσιν
253 563 340 615 aedem
357 561 449 683 posuit
474 560 531 613 coin
555 553 781 628 ἅρχιστρατήγων
803 560 905 614 dictam.
948 559 981 613 de
1006 559 1141 620 Tneatho.
1165 559 1207 612 vel
1231 565 1261 612 ut

162 632 292 685 Cedrenus
309 649 355 701 pro
369 639 410 684 ert
426 629 544 691 Tectis,
567 628 692 681 Lazarum
717 645 781 696 rege
797 628 831 682 cd
847 629 969 684 lustinum
986 629 1103 697 profecto
1119 627 1262 699 Theopha-

161 719 223 754 ness
254 697 334 768 ἔγημε
362 699 490 759 Ταίαδος
515 701 635 765 γυναῖκα
654 693 797 765 Ῥωμαίων
822 695 870 750 καὶ
896 693 1010 766 ἔγγονον
1036 691 1108 764 iperi
1132 697 1183 750 τοῦ
1202 692 1268 752 oind'

160 766 386 836 nooaonuloieoc.
422 775 450 821 et
465 767 549 820 inire.-
574 764 777 834 προχειρισθεὶς
796 764 924 827 Ταίαδος
942 760 1066 836 βασιλεὺς
1082 767 1137 818 coin
1153 767 1262 836 Λαζῶν,

161 835 282 906 monicae
298 834 439 903 στέφανον
454 832 503 890 καὶ
518 831 644 903 ’χλαμύδα
662 830 807 906 βασιλικὴν
823 829 934 902 dompno
951 831 1067 902 ἔχουσαν
1084 833 1262 903 euvils-gov-

161 909 243 1028 σν
270 901 303 989 ν
327 895 348 978 a
368 899 399 992 ν
416 899 731 1040 ”enitimini
749 897 1278 1044 σσννννννσέν’νννσασε·

161 995 198 1099 iii
216 990 851 1129 pilziilciyioillifoaiipdagagioaaflgovfa
867 1039 1037 1109 μαργαρίτας
1054 1041 1180 1112 Περσικῷ
1196 993 1261 1112 opii-

161 1107 1263 1256 iliadtiltdctttdilttoltitcltttitlitlldistititlt

162 1269 214 1306 nou
232 1252 292 1304 mihi
308 1254 459 1304 censeantur
476 1247 648 1316 exaequandi,
663 1247 691 1301 io
706 1247 740 1302 ils
756 1254 840 1301 tamen
857 1249 967 1321 olsservo
986 1248 1139 1312 blesinsem,
1162 1249 1193 1302 de
1210 1264 1263 1318 qua

163 1327 225 1374 nota
240 1320 372 1390 sequenti,
388 1319 514 1383 tunicam,
531 1313 660 1388 διβολὲον
676 1313 862 1385 σααροὶνικον,
888 1316 970 1370 sancti
986 1317 1058 1370 cuius
1074 1317 1197 1370 ecclesiae
1214 1320 1263 1371 mi·

163 1389 272 1442 nistrent
289 1382 458 1457 ἰνοκοντητδν
474 1383 571 1439 εἰκόνα
589 1383 747 1458 ἔμπροσθεν
764 1385 863 1458 pectori
881 1385 1001 1450 affixam,
1027 1385 1184 1440 διαανίαιον
1200 1392 1263 1440 ten-

162 1459 218 1512 δεον
242 1457 268 1509 in
294 1475 380 1512 eorum
403 1456 519 1510 manibus
542 1455 615 1510 nodis
640 1454 769 1524 argenteis
793 1454 947 1526 calamisque
964 1455 1071 1508 diverds
1090 1457 1262 1524 conspicuum,

161 1524 286 1649 aspidica
303 1543 406 1600 quoqne
424 1524 529 1581 ab‘aliis
545 1523 686 1593 δίνεεναως
712 1524 804 1597 quibus
821 1523 892 1578 eliud
913 1524 1060 1596 praemissis
1083 1525 1187 1580 similius
1210 1543 1262 1581 non

161 1613 188 1650 si
205 1613 245 1654 eo.

246 1705 276 1762 p.
288 1685 328 1748 17
348 1703 375 1743 v.
389 1687 438 1750 17.
461 1681 493 1746 ἔκ
507 1682 613 1756 δεξιῶν
628 1680 742 1764 μέντοι]
763 1679 859 1741 Iunios
873 1683 956 1762 plane
970 1703 1100 1762 perverse
1117 1685 1263 1764 pervertit,

161 1771 278 1828 mutatis
289 1769 433 1846 angelisin
447 1769 575 1826 mundos:
598 1769 664 1843 quia
684 1769 758 1827 enim
770 1787 893 1827 summus
913 1770 1064 1846 imaginum
1080 1770 1170 1828 hostis
1191 1777 1263 1848 erat,

163 1855 236 1913 hanc
247 1854 411 1930 angelorum
424 1853 589 1930 imaginibus
603 1854 632 1911 in
643 1854 783 1912 scaranico
807 1855 903 1930 magni
923 1855 1067 1913 domestici
1091 1855 1206 1931 gloriam
1220 1857 1263 1914 in-

163 1939 248 2010 vidit3
269 1939 367 2014 itaque
384 1957 419 1997 ex
439 1938 545 2015 angelis
559 1941 666 1998 nuntios
690 1940 772 2015 fecit,
794 1940 873 2014 quasi
891 1940 1010 2019 proximi
1030 1941 1066 1997 ab
1086 1941 1264 2017 imperatoria

164 2024 303 2100 dignitate
313 2041 377 2082 eum
389 2023 524 2081 honorem
537 2023 594 2082 suis
614 2023 719 2082 nuntiis
733 2030 763 2082 et
777 2031 810 2083 ut
823 2030 926 2082 vocant
943 2025 1114 2102 brevigerulis
1129 2030 1159 2082 et
1180 2025 1265 2084 tadei-

164 2109 241 2170 lariis
256 2109 419 2186 habuerint,
439 2115 472 2166 ut
485 2127 534 2166 eos
552 2127 604 2167 sua
618 2109 647 2166 in
663 2116 743 2168 veste
757 2109 914 2186 effigiarent
930 2115 960 2167 et
973 2110 1131 2188 margaritis
1147 2127 1265 2170 exorna-

164 2199 235 2252 rent.
257 2195 376 2254 0bserve
396 2195 440 2252 hic
459 2211 565 2253 morem
581 2194 705 2252 addendi
720 2196 893 2276 gestimentis
911 2215 970 2254 non
988 2201 1098 2254 tantum
1115 2195 1265 2272 imaginem

163 2279 357 2358 imperatoris,
377 2281 428 2338 sed
439 2286 469 2338 et
482 2283 642 2338 sanctorum
660 2280 830 2356 angelorum.
851 2281 907 2340 imo
928 2281 994 2340 olim
1013 2280 1099 2358 vulgo
1117 2281 1201 2340 etiam
1216 2300 1267 2340 va-

164 2366 443 2424 aarumsanetorum
456 2369 485 2423 et
499 2370 652 2440 martyrum
665 2367 771 2442 effigies
788 2366 845 2425 suis
859 2366 983 2424 vestibus
1002 2366 1213 2444 appingebant,
1233 2369 1268 2424 ut

165 2469 200 2509 er
221 2449 325 2509 Asterii
347 2449 460 2508 Amasei
480 2449 604 2508 Homilia
626 2452 748 2526 quadam
773 2457 893 2511 constat.
919 2453 1005 2511 sacris
1027 2451 1151 2512 vestibus
1172 2469 1267 2512 sacras

163 2537 301 2612 imagines
312 2537 416 2595 addere
430 2535 640 2593 usitatissimum
661 2541 738 2610 erat3
758 2537 877 2616 plurima
889 2535 971 2595 liuius
993 2538 1032 2596 rei
1052 2537 1180 2617 exempla
1196 2555 1266 2617 sup-

162 2623 274 2700 peditat
289 2619 455 2680 Anastasius
468 2621 498 2678 in
511 2617 678 2680 Pontificum
691 2621 773 2680 Vitis.
792 2622 822 2680 in
839 2619 936 2681 Leone
945 2622 1003 2681 111:
1019 2622 1089 2701 fecit
1108 2627 1137 2682 in
1157 2623 1267 2682 ecclesie

165 2707 279 2768 δωτίνην
288 2707 382 2766 mundi
393 2708 417 2766 b.
435 2705 520 2766 Pauli
534 2707 648 2786 apostoli
660 2707 789 2766 tetranela
805 2707 946 2766 holoserica
959 2709 1074 2766 alithina
1086 2713 1226 2786 quattuor,
1241 2712 1267 2777 ei

166 2799 261 2850 uestem
272 2812 348 2872 snper
360 2793 446 2850 altare
456 2791 544 2850 albam
557 2779 763 2869 chrysoclauarn,
774 2792 907 2851 labentem
914 2794 1051 2850 historiam
1059 2799 1168 2852 sanctae
1179 2811 1266 2850 resur-

98 2909 100 2916 *
164 2882 297 2936 rectionis.
318 2884 343 2936 ei
357 2877 441 2936 aliam
456 2883 551 2934 stertens
571 2877 783 2956 chrysorhoam,
805 2878 939 2935 lebentem
961 2879 1096 2936 historiam
1112 2881 1266 2936 natiuitatis

165 2962 266 3022 domini
278 2969 303 3020 et
316 2983 350 3020 ss.
365 2967 546 3021 innocentium.
568 2965 620 3020 imo
633 2968 658 3020 et
675 2963 758 3020 olium
769 2968 862 3020 vestem
878 2962 1007 3040 Tyriam,
1028 2963 1160 3020 labentem
1181 2963 1264 3022 lisin-

166 3051 237 3106 riam
254 3051 326 3106 aceri
340 3048 529 3106 illuminatiet
546 3051 764 3107 remorationem.
786 3049 855 3107 idern
865 3054 951 3106 autent
962 3050 1142 3106 sanctissimos
1156 3049 1266 3126 praesul

162 3132 233 3210 fecit
246 3134 275 3190 in
292 3133 404 3192 basilice
418 3133 442 3191 δ.
453 3131 563 3192 Mariae
576 3132 615 3191 ud
629 3151 751 3212 praesepe
766 3138 860 3192 vestan
877 3132 963 3192 albam
982 3133 1195 3212 clrpsoaleaom,
1212 3134 1265 3192 δω-

167 3217 266 3274 benten
289 3217 425 3276 dictoriam
442 3223 550 3302 sanctae
570 3222 773 3278 resumentionis.
793 3218 839 3277 sed
858 3223 884 3277 ei
907 3218 990 3277 aliam
1004 3225 1099 3277 uestem
1115 3220 1145 3275 in
1163 3218 1265 3277 ardica-

168 3302 203 3360 lis
231 3301 424 3378 chrysostome,
451 3302 584 3361 labentem
607 3303 732 3362 historias
765 3302 976 3362 annuntiationis
999 3309 1024 3362 ei
1051 3325 1085 3362 ss.
1107 3299 1220 3361 Ioociin
1240 3309 1267 3363 ei

166 3389 270 3446 Anniae.
289 3386 364 3443 idem
385 3388 420 3444 de
438 3389 552 3446 eodern:
580 3389 610 3445 in
630 3387 709 3447 titulo
723 3387 890 3448 Pommuclii
906 3405 983 3466 snper
1001 3387 1087 3447 altare
1099 3409 1135 3446 ss.
1156 3385 1268 3448 Ioannis

167 3478 194 3530 et
209 3469 294 3530 Pauli
306 3470 375 3549 fecit
395 3477 490 3531 uestem
505 3474 594 3531 albam
610 3472 794 3546 holosericam,
816 3478 937 3532 anatem
958 3475 987 3531 in
1007 3492 1074 3552 gyro
1092 3473 1124 3532 de
1137 3471 1268 3552 fundato,

167 3557 303 3618 dadastena
316 3557 455 3616 iiston’am
464 3559 591 3636 amastri
601 3559 760 3616 ascensionis
774 3562 799 3615 et
810 3564 976 3638 pentecostes.

236 3672 271 3726 il.
288 3689 316 3728 r.
333 3673 377 3726 et.
394 3667 536 3756 δαρολέον]
554 3671 586 3725 de
604 3669 678 3723 simili
696 3669 809 3724 bicolore
826 3670 915 3726 Duces
933 3670 1019 3725 tunice
1034 3689 1173 3727 samonem
1190 3673 1269 3726 hebet

168 3741 277 3797 Nicetes
294 3740 433 3794 Andronici
450 3742 469 3794 l.
487 3743 520 3796 2ο
537 3735 569 3794 τὰ
587 3740 664 3807 σῶμα
681 3740 774 3808 κωπίω
791 3735 918 3812 degeniam
936 3745 1043 3810 συνεῖχε
1058 3740 1122 3808 περὶ
1136 3737 1189 3810 τὴν
1207 3735 1268 3806 igin

167 3810 384 3894 καταβαίνοντιζ
410 3806 502 3863 ἔκτοτε
526 3804 558 3862 δὲ
583 3804 768 3882 διαιρσνμένφ
794 3809 868 3879 διχῇ.
903 3810 953 3862 alia
975 3810 1052 3864 lectio
1075 3811 1148 3879 ponit
1172 3811 1268 3878 φορῶν

168 3875 271 3949 §nigor
295 3896 403 3948 σγιστον
426 3875 456 3932 ἐκ
479 3875 630 3948 χρωμάτων
657 3873 721 3932 δύο.
756 3879 899 3932 revocanda
922 3880 972 3933 huc
989 3881 1109 3936 conanda
1126 3897 1160 3933 ex
1177 3879 1265 3951 positis

168 3955 230 4004 nota
247 3949 381 4020 superiore
396 3949 428 4002 ud
447 3965 473 4019 p.
491 3951 523 4004 17
539 3967 566 4002 v.
586 3947 629 4005 15.

237 4070 264 4122 p.
277 4055 309 4108 18
321 4070 348 4106 v.
365 4052 391 4106 6.
409 4046 444 4104 coi
461 4045 629 4118 ὑποδήματα
648 4047 701 4102 cod
722 4047 984 4122 πανναερσεβοὶστοα
1006 4048 1126 4118 νίτρινα]
1154 4050 1187 4102 ab
1209 4048 1265 4102 An-

168 4120 273 4174 dronico
290 4121 399 4174 Seniore
414 4120 519 4172 inventa
536 4124 624 4172 narret
641 4119 774 4185 Gregores
791 4121 809 4173 7
825 4120 872 4173 28:
902 4115 1052 4188 ἕτετιμήαει
1075 4113 1108 4172 di
1130 4112 1265 4185 Ἰωάννην

168 4185 255 4251 εὐθὺς
277 4188 325 4244 καὶ
348 4189 390 4259 τῷ
414 4190 465 4244 τοῦ
487 4184 752 4257 παννπερσεβοὶοτον
775 4181 926 4274 ἀξιώματι,
955 4183 1040 4242 δνῦν
1057 4183 1105 4240 ναὶ
1123 4181 1198 4258 αὐτῷ
1215 4181 1265 4239 διδ

167 4253 220 4327 τὴν
237 4255 308 4325 πρδς
325 4253 415 4312 αὕτδν
431 4253 549 4327 στοργὴν
566 4251 746 4322 ἐνδοξότερον
760 4247 781 4324 ἢ
796 4273 933 4324 προτερον
950 4251 1004 4325 εἴγε
1021 4254 1117 4323 molini
1132 4251 1265 4322 κατεστή-

167 4343 254 4383 σατο·
273 4323 403 4400 ἐνδύμασι
419 4323 473 4398 γὰρ
491 4327 539 4382 καὶ
561 4324 684 4389 πεδίλοις
699 4320 801 4394 αὐτοῦ,
818 4323 871 4382 ὅσα
887 4321 937 4380 cdv
955 4323 1043 4378 innon
1060 4319 1148 4378 ednod
1160 4327 1265 4394 scepei,

1040 4621 1055 4650 6
