2802 4686
158 281 230 353 148
318 279 528 350 GRETSERI
540 281 596 348 ET
611 279 745 392 GQARI
759 277 1095 347 COMMENTARIUS

153 449 299 528 subiungit
312 447 435 508 Citrius:
461 445 622 526 citenplum
635 465 686 506 uon
704 451 743 505 ert
759 445 929 526 dedicatum,
953 443 1024 526 quod
1041 448 1069 506 ei
1083 445 1174 524 dccet,
1197 467 1263 508 ean-

153 540 316 620 ctr'ficutcn‘a
332 538 376 593 cir
389 537 541 592 untlmeneii
555 534 655 612 implet.
695 532 805 610 ideoque
817 535 848 592 iu
864 551 916 591 nen
932 536 1082 591 renouato
1101 532 1199 612 templu
1212 555 1261 594 rn-

154 627 286 705 crtficr'urn
297 623 354 680 etue
367 621 523 678 antimeurr'u
532 615 767 696 nunquarusceere
782 617 853 676 licet.
894 624 920 676 et
937 615 1071 676 sacerdota
1086 637 1134 696 qur
1146 618 1195 678 lucc
1205 639 1262 679 αα·
1393 617 1394 672 l

154 732 200 771 rur
209 709 312 790 suerit,
326 723 412 784 pecua
427 705 478 762 erit
496 703 631 782 deponito.
671 719 721 782 per
736 704 794 762 icta
809 707 898 762 nutem
915 701 1041 763 renititur
1056 695 1108 766 tut
1122 699 1157 766 ro*
1172 703 1262 767 euvr-

153 789 227 861 νὸν·
245 786 283 854 cci
301 785 359 872 γαρ
383 781 494 852 levent
513 783 590 850 nurci
608 781 663 850 τδν
675 783 882 868 γραμματικόν
901 780 1019 850 κανόνα
1034 783 1103 850 oir‘re
1118 811 1261 872 παραγω-

149 875 210 964 [γαῖς
225 873 296 941 οὔτε
312 866 443 946 κανόνας
465 870 595 953 ἔχουσιν.
637 871 718 932 rulent
731 878 820 932 nutem
834 875 1006 951 grammatici
1013 892 1062 950 per
1082 876 1138 932 tota
1151 880 1178 934 et
1193 877 1261 934 orut-

153 985 218 1026 crcn
229 969 255 1023 et
267 954 430 1041 aprilenra'e
449 953 576 1031 ἒθννκᾶς
599 952 706 1036 φωνάς
727 959 845 1020 acreum.
885 975 958 1036 qnae
973 957 1142 1018 ratiocinii
1159 961 1260 1038 quanti

153 1051 211 1131 nit,
231 1050 261 1108 in
276 1045 396 1106 cuiusvis
413 1043 530 1102 arbitrio
544 1044 630 1102 situm
643 1050 714 1102 estu.
889 1123 891 1136 Ι

239 1149 289 1210 Ait
305 1149 420 1224 insuper
441 1147 599 1206 nnttmenctu
618 1143 695 1203 nullo
711 1145 797 1204 modu
811 1143 916 1202 licitum
933 1143 1068 1203 conficere
1080 1144 1134 1203 nisi
1144 1141 1175 1202 in
1191 1146 1258 1206 novi

152 1237 252 1316 templi
267 1233 457 1308 dedicatione,
475 1231 579 1306 quique
592 1249 672 1290 secus
687 1235 792 1308 ngurrt,
814 1249 935 1289 canones
952 1231 1126 1308 transgredi3
1146 1248 1199 1289 nec
1212 1250 1258 1289 re-

45 1327 69 1384 1²
87 1327 137 1385 171
153 1326 227 1384 ferre
238 1339 307 1381 num
324 1336 413 1395 nuper
431 1315 567 1394 templum
581 1317 620 1375 sit
637 1321 824 1387 exstructum
846 1317 993 1376 rutinense
1009 1315 1087 1393 quod
1102 1335 1161 1376 non
1172 1317 1258 1376 fuerit

59 1408 61 1410 ’
152 1411 331 1482 dedicatum,
354 1402 579 1480 quandocunque
593 1403 705 1461 demum
717 1406 890 1462 exstructum
903 1401 996 1462 luerit.

239 1509 293 1570 His
307 1506 383 1566 hune
393 1505 423 1562 in
437 1504 553 1563 modurn
566 1503 603 1561 de
615 1505 844 1564 antimensiorunr
857 1503 966 1561 ratione
980 1500 1139 1582 explicatis,
1162 1502 1192 1562 in
1212 1507 1256 1562 te-

85 1634 90 1644 ·
152 1615 223 1657 unes
243 1611 326 1653 aures
341 1591 482 1651 evanescit
496 1588 629 1648 Iuniunus
652 1589 700 1650 ille
722 1593 870 1650 nnteeerrui
883 1607 986 1648 meusne
998 1587 1173 1668 praefectur,
1194 1607 1258 1646 curn

151 1681 265 1742 scholiis
282 1679 336 1736 illis
357 1695 422 1736 vere
441 1675 538 1733 scoriis
559 1680 590 1732 et
615 1675 737 1736 insulsis.
779 1695 832 1736 nos
851 1677 1024 1753 preelectum
1041 1677 1258 1737 nntincmr‘orum

152 1768 199 1826 vel
225 1765 381 1826 untimerm’i
403 1761 594 1832 nominemus3
622 1762 667 1818 cui
684 1767 795 1839 praeter
817 1779 913 1820 curem
933 1761 1150 1820 untirneueiurum
1171 1759 1258 1818 etiam

150 1854 221 1913 lraec
233 1846 427 1922 incumbebat,
447 1852 481 1905 ut
497 1865 599 1926 corpus
612 1847 718 1908 domini
733 1853 898 1934 accepturus
915 1846 953 1906 ud
970 1845 1192 1910 communionem
1206 1863 1257 1906 seu

151 1939 303 2000 deduceret
314 1953 366 1994 seu
375 1933 528 1994 induceret

588 2177 797 2198 W

445 2407 812 2484 ·CAPUT
874 2410 919 2486 X.

235 2663 263 2724 p.
279 2639 298 2707 5
316 2659 341 2701 v.
361 2641 409 2705 20.
451 2591 586 2699 Inserta
601 2639 724 2719 peutude
738 2640 857 2718 primunr
870 2638 962 2699 locum
972 2643 1052 2698 tenet
1059 2642 1262 2720 prtrrureurte‘u-¹

151 2731 354 2809 rim‘rrpnrniv
371 2721 425 2797 ταὶς
438 2721 541 2807 θύρας
555 2725 599 2800 εἰς
611 2723 664 2800 ταὶς
676 2726 874 2807 χειροτονίας,
897 2731 945 2806 qui
955 2725 1030 2804 sorec
1039 2722 1192 2785 waradien
1206 2725 1255 2803 se*

151 2813 241 2874 recedis
261 2813 430 2888 suffragiis,
448 2809 541 2886 inquit
560 2811 673 2889 Iunius,
701 2813 873 2872 clirctcm'nm
894 2831 946 2890 pro
966 2811 1087 2870 electione
1106 2811 1253 2889 accipiens,

150 2917 205 2978 ego
220 2898 314 2958 malim
335 2897 506 2954 elirctnuinru
525 2896 650 2972 accipere
671 2915 724 2973 pro
747 2898 862 2972 proprio
880 2917 933 2956 sun
951 2897 1125 2975 significato,
1151 2915 1255 2972 nempe

150 3004 203 3062 pro
218 2981 426 3042 consecratione
442 2999 492 3037 seu
505 2981 681 3040 ordinatione
694 2981 884 3042 ministrorum
896 2983 1042 3059 ecclesiae,
1066 2982 1108 3040 itu
1121 2986 1154 3040 ut
1165 2986 1255 3060 priene

149 3072 262 3128 ostiario
279 3084 345 3125 cura
363 3066 464 3124 ianuae
482 3066 651 3125 demandata
670 3067 709 3125 sit
731 3072 800 3126 tunc
819 3071 933 3144 quando
962 3065 1072 3126 dianoni
1091 3068 1253 3125 sacerdotes

150 3152 254 3230 aliique
273 3151 440 3212 ordinantur
460 3155 490 3208 et
509 3157 716 3210 consecrantur.
758 3155 885 3229 quemvis
902 3169 1074 3232 magnopere
1090 3170 1148 3212 non
1167 3171 1254 3228 repu-

149 3239 260 3316 gnabo,
286 3239 311 3296 si
333 3237 395 3313 quis
416 3235 539 3296 officium
562 3238 644 3312 primi
671 3237 753 3296 huius
776 3240 884 3299 ostiarii
906 3241 1107 3316 interpretetur
1131 3239 1169 3295 de
1189 3239 1254 3313 ipsu

149 3325 286 3386 electione
305 3324 496 3384 ministrorum
519 3321 668 3400 ecclesiae,
697 3343 761 3384 cnm
781 3345 833 3401 per
846 3327 981 3404 suffragiu
995 3324 1136 3400 eliguntur
1149 3323 1185 3381 ab
1198 3323 1253 3382 illis

149 3410 252 3486 quibus
265 3411 309 3468 ius
322 3414 352 3466 et
364 3413 492 3485 potestus
508 3408 643 3486 eligendi:
665 3415 734 3470 tunc
748 3411 822 3473 enirn
835 3411 880 3471 vel
892 3411 1011 3471 maxime
1024 3413 1137 3470 attento
1155 3414 1185 3468 et
1198 3409 1253 3468 cir-

148 3505 310 3574 cumspectu
330 3497 440 3554 unaue
453 3513 526 3572 opus
539 3500 592 3554 est.

216 3609 283 3664 ltid.
315 3597 384 3662 Huic
398 3607 468 3662 uliud
481 3625 570 3664 rnunur
587 3607 729 3680 adiungunt
746 3611 888 3678 Allatienur
907 3603 1081 3680 cliterninae
1095 3605 1254 3682 βαστάξανν

147 3695 200 3732 τον
216 3673 325 3748 ὅάβδαν
341 3677 394 3730 τοῦ
409 3673 566 3763 ἀρχιερέως.
600 3681 748 3734 cubicularii
767 3697 831 3735 onur
851 3697 910 3735 erre
926 3687 1044 3734 eruerunt
1061 3679 1127 3733 ulier
1148 3675 1165 3734 ὁ
1182 3695 1249 3732 νον-

148 3747 269 3818 βνύνλης
279 3745 327 3799 ἵνα
344 3745 466 3819 §nundin
478 3765 511 3802 το
527 3747 686 3804 denuntietur
702 3751 755 3804 rori
764 3744 928 3821 ἀρχιερέας,
943 3745 1013 3805 ὅταν
1023 3751 1179 3817 περιπατεῖ.
1281 3794 1284 3802 ,

230 3872 260 3932 p·
275 3853 296 3918 5
309 3873 335 3913 v.
350 3855 401 3916 21.
430 3853 569 3914 Secundus
585 3859 712 3915 ostiarius
730 3859 775 3914 ert
796 3854 945 3936 δκραιαῖν
956 3853 992 3921 ed
1006 3849 1249 3938 μονοβᾶμβυλον,

147 3945 196 4022 qut
216 3945 300 4014 tenet,
325 3956 376 3997 seu
404 3939 448 3997 cui
470 3939 514 3998 ins
535 3942 566 3998 in
586 3942 826 4022 morulambylum:
849 3945 890 4004 ita
910 3944 1000 4002 edidit
1022 3941 1129 4002 lunius.
1180 3940 1250 4017 quid

144 4045 212 4091 veru
226 4025 280 4086 lroc
293 4023 435 4084 nominis?
454 4024 499 4085 vel
511 4026 607 4102 potius
622 4025 690 4102 quid
710 4029 850 4090 monstri?
890 4029 987 4090 lunius
1006 4027 1052 4088 hic
1071 4025 1176 4104 multa,
1196 4027 1249 4084 sed

146 4105 230 4186 plene
246 4109 409 4171 ridicularia„
452 4111 523 4186 quid
536 4130 604 4190 ergo
614 4110 659 4170 illi·
675 4121 720 4172 est
738 4103 968 4196 mendambylen?
1009 4115 1066 4174 duo
1081 4112 1144 4172 loca
1157 4111 1250 4170 chiro-

145 4197 240 4255 toniue
262 4197 427 4278 distinguit,
451 4198 583 4275 alterurn,
611 4200 641 4258 in
658 4217 733 4277 quem
749 4221 768 4260 α
780 4205 868 4280 petreio
887 4202 997 4260 ostiarie
1013 4217 1100 4258 omues
1118 4197 1250 4258 admissor

146 4279 285 4362 dr'cttquor
300 4289 410 4345 ααυααί
427 4281 521 4346 labne
538 4285 583 4345 ini
606 4281 738 4363 suffragii
753 4283 875 4366 ferendir
895 4286 1008 4348 eduum
1027 4287 1198 4361 αααΐιααα,
1215 4287 1248 4344 tn
