2822 4684
486 315 530 382 IN
556 315 703 396 CODINI
724 315 806 384 CAP.
838 315 879 384 ll.
1172 319 1242 389 179

150 479 254 560 cipibus
262 479 434 557 megalducas
443 485 665 560 consanguineum
676 501 761 554 mum,
774 489 804 544 et
814 485 854 548 22
866 484 919 546 tt:
940 483 1051 545 Alesiae
1060 483 1244 562 megalducas,

150 568 199 648 qut
212 561 293 624 classe·
310 572 367 626 etot
382 565 546 646 praefectus.
568 573 706 650 usurpant
715 569 799 628 etiam
814 568 914 626 Graeci
933 566 1082 632 δυυκάτον
1097 591 1150 649 pro
1166 592 1248 651 prae·

143 651 253 729 sectura
272 656 302 712 et
323 649 421 720 ductus
439 655 469 710 et
480 671 532 729 pro
546 660 663 726 νοκτλο,
682 671 755 728 quae
775 653 922 714 Germanis
942 660 986 714 est
1003 660 1045 714 ein
1060 656 1151 718 ducat
1172 643 1245 718 δου-

147 729 247 814 κάτωρ
265 737 367 795 ἀκολου.
388 735 452 794 vide
465 735 618 796 Meursium
631 738 660 796 in
682 736 826 798 Glossario
849 738 1085 799 Graecabarbaro.
1106 739 1170 806 olim
1189 731 1351 801 As-P189

147 820 219 880 ticae
240 827 271 880 et
290 817 465 881 Athenarum
491 822 621 904 princeps
647 841 763 900 megrim
785 824 842 882 dua
865 822 1013 901 audiebat,
1034 829 1067 883 ut
1093 830 1138 883 est
1168 826 1246 906 apud

148 905 306 982 Gregoram
320 905 338 966 l.
353 909 382 976 7.
565 919 567 924 “
963 919 965 924 ’
1071 923 1082 934 “

217 987 256 1038 Ut
278 985 364 1039 officia
391 1001 532 1055 uunquam,
554 985 592 1042 ita
613 1004 661 1042 neo
682 987 826 1043 officiorum
850 987 1033 1059 appellationes
1060 993 1158 1044 temere
1183 1007 1246 1044 con·

146 1054 299 1108 fundendae.
333 1057 448 1124 quamvis
479 1055 566 1124 itaque
597 1055 624 1108 in
642 1059 822 1126 *posteriorum
849 1057 1029 1128 imperatorum
1058 1059 1246 1112 constitutioni-

149 1125 197 1176 bus
218 1131 393 1194 nuncupentur
420 1125 498 1176 duces
522 1123 566 1194 qui
598 1125 718 1178 limitibus
752 1127 872 1178 militibus
901 1126 1037 1194 provinciis
1069 1135 1096 1180 et
1124 1128 1246 1180 foedera-

149 1193 183 1246 tis
210 1201 332 1262 praesunt
354 1188 578 1259 (στρατιωτικοὺς
604 1193 776 1263 καταλόγους
799 1195 866 1266 τῇδε
887 1189 1040 1263 ἱδρύσατο,
1067 1191 1110 1258 οἷς
1133 1190 1169 1264 δὴ
1194 1193 1245 1263 ἄρ·
1323 1216 1324 1222 ’

168 1277 236 1315 οντα
253 1257 339 1315 εἰσαεὶ
355 1256 500 1328 ἐφιστάναι
525 1259 668 1332 διώρισεν,
692 1258 726 1316 ὃν
739 1259 875 1330 Ῥωμαῖοι
891 1261 981 1316 dorium
998 1265 1033 1334 τῇ
1049 1263 1177 1317 Λατίνων
1193 1283 1245 1318 κα-

148 1282 229 1386 dodoi
247 1330 328 1400 φωνῇ
338 1369 346 1397 ,
363 1331 396 1383 de
413 1330 550 1382 Iustiniana
568 1331 605 1384 ait
624 1332 762 1403 Procopius
780 1332 823 1386 ubi
840 1332 944 1402 deeius
962 1333 1083 1386 aedificiis
1098 1334 1115 1385 Ι.
1133 1333 1174 1398 3),
1194 1335 1246 1388 dux

148 1407 235 1455 tamen
257 1416 378 1468 magnus,
400 1399 432 1452 de
455 1416 506 1468 quo
531 1400 587 1468 hic,
609 1403 699 1454 navale
722 1397 803 1453 'stolum
828 1401 874 1454 sub
903 1418 950 1454 sua
972 1400 1137 1470 dispositione
1157 1411 1247 1466 tenere

169 1473 252 1526 otest.
275 1485 306 1521 aa
328 1469 368 1532 ita
391 1469 459 1521 vires
479 1469 577 1539 imperii
600 1487 655 1522 cum
672 1486 764 1538 magno
782 1469 920 1522 domestico
937 1469 1029 1522 dividit
1045 1478 1071 1524 ut
1088 1472 1144 1540 ipse
1161 1471 1246 1534 maris,

149 1487 301 1591 domesticus
322 1541 408 1590 terrae
431 1544 584 1608 potestatem
608 1538 743 1601 sortiatur,
768 1545 847 1606 prout
869 1555 925 1591 cum
947 1545 1052 1592 auctore
1075 1540 1160 1594 statim
1185 1558 1207 1593 c.
1227 1540 1244 1594 5

149 1608 272 1675 legemus.
307 1623 361 1660 eam
378 1607 481 1660 obrem
499 1607 543 1658 ubi
565 1609 649 1675 magni
671 1607 802 1660 domestici
825 1615 914 1660 nomen
936 1609 1092 1661 terrestrium
1116 1609 1250 1678 copiarum

150 1676 211 1729 duci
226 1675 348 1740 inditum,
364 1676 397 1728 de
414 1691 465 1743 quo
483 1691 564 1744 nuper
581 1675 749 1741 coniecimus,
766 1681 828 1728 tune
844 1676 887 1727 vel
904 1692 953 1728 non
970 1677 1046 1728 multo
1064 1677 1143 1730 serius
1160 1677 1246 1746 magni

150 1743 238 1806 ducis,
253 1752 282 1795 ut
298 1743 375 1796 maris
386 1745 543 1812 praelectum
560 1744 691 1812 speciatim
707 1742 843 1809 indicaret,
859 1745 991 1811 vulgatum
1007 1746 1131 1814 suspicor.
1165 1763 1246 1816 penes

152 1813 298 1880 Gregoram
311 1813 404 1880 itaque
421 1813 438 1866 7
456 1813 473 1864 6
489 1812 554 1864 fides
568 1821 607 1864 est
625 1819 654 1864 ut
670 1812 771 1865 Atticae
790 1821 818 1864 et
834 1812 989 1864 Athenarum
1014 1814 1148 1884 princeps,
1174 1815 1245 1867 cuius

152 1881 216 1934 ditio
233 1878 332 1964 imperii
350 1880 395 1932 ct>
414 1880 548 1932 frustulum
564 1881 700 1934 rescissum
717 1881 783 1946 luit,
810 1879 858 1933 iem
875 1897 892 1932 a
908 1881 1071 1934 Constantini
1091 1889 1176 1935 aetate
1190 1900 1247 1936 ma-

152 1948 297 2018 gnidum,
315 1948 371 2017 ipse
388 1949 510 2001 Romanis
525 1950 631 2002 ducibus
648 1949 762 2013 allectus,
782 1948 932 2018 dignitatem
945 1950 1024 2002 luerit
1041 1951 1157 2019 adeptus.
1190 1969 1246 2003 me·
1278 1953 1281 1956 “

152 2025 237 2073 morat
253 2017 307 2070 iseo
326 2018 512 2070 Grammaticus
530 2020 582 2080 τοῦ
601 2017 727 2086 πλεοΐμου
749 2012 800 2072 τὸν
826 2017 927 2070 δοῦλα.
961 2017 1047 2086 magni
1063 2037 1154 2072 nomen
1172 2020 1244 2072 addi-

153 2087 194 2156 dit
217 2086 326 2140 Nicetes
351 2085 477 2139 Manuelis
507 2085 630 2140 comneni
653 2087 711 2156 1.,Ὶ2
735 2104 785 2138 non
809 2102 858 2138 nno
876 2086 942 2140 loco.
976 2087 993 2138 l.
1012 2087 1045 2140 tis
1068 2082 1083 2140 δ
1103 2083 1244 2156 Menoetii

152 2151 257 2210 στέλλει
277 2150 440 2223 stes-atym
463 2155 553 2208 δοάκα
574 2151 625 2210 οόν
647 2149 880 2222 Κοντοστὲφανον
895 2147 1072 2221 ’Ἀνδρόνικον
1096 2155 1161 2223 περί
1186 2173 1245 2208 που

152 2216 571 2361 υιλιουιλιυυου
587 2217 1244 2363 κυιυυικλκιιλσάλους

152 2343 379 2433 πρωτοσάβάστος
392 2355 461 2422 τους
477 2356 659 2426 πιστοτάτους
674 2353 761 2434 στόλῳ
777 2356 919 2430 ἐπιστῆσαι
934 2357 1114 2432 τριηράργας,
1130 2361 1178 2415 καλ
1188 2379 1244 2414 τια-

152 2431 292 2500 pedusiana
316 2425 406 2484 adeda
427 2433 487 2492 τοῖς
510 2425 605 2500 ἐκείνῳ
627 2425 700 2485 κατὰ
721 2427 802 2500 γένος
823 2423 966 2500 ἐγγίζουσι.
1000 2433 1052 2484 τοῦ
1073 2425 1105 2485 dl
1121 2427 1243 2499 μεγάλου

153 2495 257 2563 deusde
272 2501 323 2553 cosi
340 2496 573 2566 Κουτοστεφάνου
589 2494 835 2567 άντιτινεάσοιντοσ,
852 2495 900 2552 καλ
915 2499 966 2566 τῆς
980 2499 1142 2568 στολαργίοις
1158 2496 1244 2552 nauel

151 2565 247 2640 τρόπῳ
278 2563 439 2637 ἒξεγομὲνου
463 2563 499 2628 oie
527 2563 603 2640 crispi
626 2567 674 2622 καλ
697 2563 749 2637 adp
770 2561 855 2638 ἑτέρῳ
878 2563 1027 2635 δήπουθεν
1042 2567 1243 2654 προσηκούσης,

153 2633 329 2706 ἀναγκαστῶς
345 2631 397 2704 τὴν
417 2633 547 2706 βούλησιν
565 2637 755 2706 μετατίθησιν.
790 2635 918 2691 subditur:
943 2633 990 2688 καλ
1012 2631 1049 2704 δὴ
1068 2654 1083 2690 ο
1100 2655 1153 2706 μεν
1170 2639 1244 2689 Κον-

153 2701 323 2772 σοστὲφανοο
335 2701 506 2768 Ἀνδρόνικος
518 2701 615 2771 κάρτος
630 2699 806 2774 καθειστήκει
821 2704 873 2758 cosi
886 2699 987 2757 στόλου
1001 2700 1115 2766 παντός.
1150 2702 1243 2757 lseacii

154 2775 246 2844 segeti
262 2778 282 2830 l.
298 2777 331 2832 32
355 2771 457 2828 στέλλει
469 2769 605 2836 'laudatos
618 2769 669 2828 τδν
685 2774 759 2828 ἴδιον
783 2767 938 2840 λεάδελφου
957 2773 1184 2842 Κωνσταντῖνον,
1208 2767 1244 2825 ὃν

153 2843 201 2900 καὶ
218 2838 487 2898 undecentesimo
502 2840 687 2914 νιρουβάλετο.
721 2845 794 2896 Anna
818 2841 948 2894 Comnena
970 2837 1056 2910 με’γαν
1079 2841 1170 2896 dodau
1182 2838 1244 2894 'Iro-

155 2911 245 2982 άννην
261 2907 329 2980 μετά
346 2907 446 2967 στόλου
469 2910 589 2980 μεγάλου
618 2911 645 2964 in
662 2912 776 2981 Cyprum
792 2912 873 2964 refert
898 2911 1001 2964 missum
1018 2911 1035 2963 1.
1053 2911 1078 2964 8.
1113 2912 1245 2965 Constan-

153 2981 234 3036 tinum
259 2983 425 3036 Dalasseuum
449 2982 519 3034 lacte
540 2982 572 3035 ad
601 2999 692 3034 nomen
715 2979 839 3034 allusione
862 2974 1113 3046 θαλασσοκράτορα
1136 2985 1243 3048 epatre

154 3051 258 3118 Alexio,
275 3067 396 3105 novorum
413 3049 536 3104 nominum
555 3062 583 3104 et
605 3051 755 3118 dignitatum
777 3056 896 3112 auctore,
923 3043 1191 3118 προκεχειρισμένον,
1211 3066 1244 3103 ac

154 3121 262 3174 inferius
285 3120 373 3173 δοιλιια
397 3119 515 3187 Κύπρου
531 3119 693 3174 nominatum.
727 3118 839 3173 meminit
858 3117 933 3170 etiarn
950 3118 1033 3186 magni
1050 3117 1121 3170 ducis
1138 3117 1243 3171 Latinus

154 3189 370 3256 'synestum
404 3189 475 3242 misit
493 3206 550 3242 cum
566 3191 649 3242 classe
676 3189 847 3257 megalducas
869 3188 1086 3256 mascngnineam
1102 3203 1191 3249 suum,
1215 3191 1244 3240 et

153 3259 192 3314 22
210 3259 254 3312 11ι
277 3259 382 3311 Aleriae
396 3258 574 3327 megalducas,
591 3259 637 3326 pai
652 3259 730 3310 classi
745 3263 803 3310 crat
817 3260 972 3326 praefectur.
1005 3254 1092 3308 iuncta
1108 3261 1246 3323 comupta-

155 3342 208 3396 que
225 3330 284 3380 sunt
300 3325 364 3378 haec
379 3327 472 3390 verba,
494 3325 567 3379 aiunt
585 3325 702 3395 quidemr
726 3341 825 3392 aquo,
848 3341 898 3376 non
920 3321 1072 3376 edisserunt.
1106 3329 1176 3376 certe
1192 3339 1244 3376 non

153 3394 206 3450 nisi
224 3412 240 3448 a
256 3394 339 3462 Tyrio
355 3395 480 3464 scriptore
497 3395 607 3448 barbare
624 3392 799 3462 megalducas,
820 3388 937 3461 μεγάλος
957 3391 1060 3456 deirae
1084 3389 1159 3458 vice,
1181 3409 1244 3462 pro·

154 3465 289 3518 nuntiante
307 3479 429 3516 connexa.
463 3481 516 3517 vex
529 3458 646 3532 psyilos
660 3461 769 3516 trivialis
783 3460 856 3524 licet,
882 3455 1059 3530 praeprimis,
1082 3459 1163 3513 minus
1180 3477 1244 3514 ano-

155 3535 223 3589 mala
238 3541 293 3588 ests
308 3534 393 3586 fateor
405 3532 527 3600 desines,
542 3532 599 3585 vice
614 3527 699 3598 δοάξ,
714 3529 877 3598 grammatico
893 3531 948 3581 iure
966 3528 1112 3582 recentiore
1126 3527 1214 3584 scribi.

237 3617 301 3695 μθ
316 3633 342 3672 v.
356 3615 384 3678 5.
417 3611 619 3690 Protostrator]
645 3611 779 3671 mendose
798 3608 907 3670 codices
925 3607 1051 3666 nonnulli
1071 3601 1245 3689 πρωτοστά-

155 3721 238 3781 τοιρ.-
266 3699 381 3759 Nicetes
393 3699 533 3757 existimat
544 3703 755 3776 protostratmem
767 3712 829 3752 esse
841 3691 1008 3753 Latinorum
1024 3693 1244 3752 mareschalcum:

154 3785 198 3844 ita
211 3785 325 3844 enimin
336 3783 474 3844 Balduino
488 3784 524 3841 de
547 3781 672 3842 Gofredo
692 3780 822 3856 loquens:
849 3775 1048 3858 μαρὲσχαλιιος
1064 3769 1106 3856 ἦν
1127 3770 1245 3852 aiginam

154 3863 284 3950 δάυήρ,
306 3865 444 3948 diploidi
463 3860 537 3930 καθ’
555 3863 720 3946 ἕλληναςὴ
742 3855 832 3943 φαντὶ
847 3857 899 3926 τὸν
920 3856 1173 3944 πρωτοστράιοιρα
1190 3860 1246 3940 (ita

153 3955 348 4034 scribendum,
368 3954 393 4012 si
404 3951 536 4013 Latinam
556 3953 741 4028 quantitatem
760 3952 885 4028 spectes:
906 3948 1025 4007 occurrit
1036 3952 1131 4005 tamen
1147 3944 1244 4002 crebro

157 4057 210 4121 per
251 4063 285 4116 o,
304 4035 573 4120 κρυτοστράτορα).
597 4037 718 4096 loannes
743 4031 916 4112 curopalate
932 4033 963 4091 in
984 4029 1144 4109 Theophila
1160 4032 1245 4086 vocat

156 4128 221 4189 reio
236 4120 411 4202 ἱπποκόμον
424 4127 557 4204 πρῶτον,
574 4123 640 4199 quia
655 4122 707 4180 illis
725 4121 863 4200 praeerat
882 4117 969 4178 etiam
979 4113 1097 4194 simplex
1112 4109 1245 4192 στράταρ

155 4217 304 4288 usurpant
330 4211 447 4270 Suidas:
477 4202 609 4291 στράτιορ
638 4199 909 4284 straganensem.
936 4203 968 4262 in
993 4197 1144 4262 donatione
1166 4196 1244 4256 Con·

156 4296 290 4364 semum:
306 4297 471 4383 στράτορος
485 4288 631 4376 implam
650 4283 842 4372 ἐπονήσαμεν.
925 4353 930 4362 ,
