2744 4690
429 421 431 424 .
469 311 515 396 llll
527 311 677 382 GODINI
697 313 783 382 GAP.
802 315 882 384 XV.
1143 313 1218 388 347

124 475 185 530 oiim
200 473 301 548 scriptis
316 473 514 530 metriasmos
529 475 657 530 laboribus
674 477 848 530 insectantium
868 474 956 531 habits
977 475 1083 530 solemni
1098 476 1148 531 ritn
1165 495 1221 533 me-

123 545 221 612 moria,
241 545 371 600 recensitis
395 544 471 598 eham
499 544 646 599 haeresibus
666 545 729 617 ipsis
750 562 782 598 ac
802 562 926 616 perverso
958 546 1077 616 caiusque
1101 547 1222 615 dogmate

125 613 270 684 publicato,
287 613 383 666 eunetis
399 620 441 666 ter
464 607 597 682 ἀνάθεμα
612 614 764 680 inclamant,
787 621 815 666 et
837 613 1021 668 haereticorum
1041 615 1149 668 omnium
1172 633 1222 670 no-

124 699 183 736 men
200 689 380 736 exsecrantnrs
404 682 442 734 ita
459 681 552 735 dicitur
568 677 600 736 roi
624 677 773 737 συνοδιιιόν
795 683 846 749 τῆς
870 678 950 750 ἁγίας
963 681 1013 736 ναὶ
1030 680 1222 754 οίιιουμενικῆς

125 744 246 836 ἑβδόμης
261 747 383 806 συνόδου
399 745 649 820 ἀναγινώσκεσθαι.
666 751 802 808 videndum
817 751 952 806 Triodium
967 769 1017 822 quo
1035 753 1161 822 integrum
1176 771 1222 809 rs-

181 827 232 876 tur.

124 835 181 928 pm
192 889 257 945 s'bo'd.
290 885 410 957 ίσταται]
427 885 487 940 rislo
501 885 678 956 imperatorem
694 886 818 958 ecciesiae
835 888 940 942 decreta
955 889 1127 942 merentem.

209 997 239 1058 p.
254 977 331 1041 82v.
342 979 370 1040 7.
394 975 483 1056 pridie
502 975 657 1054 palmarum
676 976 770 1054 agitur
790 995 809 1036 a
828 976 943 1038 Graecis
963 976 1149 1036 anniversaria
1162 994 1230 1042 rne-⁸

127 1059 217 1121 moria
235 1063 389 1120 resuscitati
406 1059 529 1120 Lmasi:
558 1060 617 1118 eius
642 1061 672 1118 in
698 1060 833 1121 honorem
853 1060 988 1140 templum
1007 1062 1141 1121 exstruxit
1160 1059 1222 1120 Leo

127 1145 314 1224 Philosophus
334 1146 483 1223 imperator
499 1150 575 1205 teste
595 1146 723 1226 Zostera,
748 1151 779 1206 et
801 1147 831 1207 im
859 1165 894 1208 eo
913 1165 1023 1208 sacrum
1042 1147 1100 1206 eius
1120 1165 1223 1228 eorpus

128 1250 163 1291 cx
183 1231 279 1308 Cypro
299 1230 464 1289 translatum
484 1230 638 1290 condidit‘

194 1328 259 1381 ibid.
291 1326 412 1398 δικαίου]
431 1329 522 1382 beatos
540 1343 626 1382 omnes
641 1327 669 1381 in
684 1327 772 1382 varias
786 1329 882 1383 clames
899 1327 1050 1383 distribuunt
1067 1327 1171 1382 Graeci.
1192 1331 1221 1381 et

128 1399 199 1450 certe
215 1397 356 1462 nonnullis,
374 1407 405 1450 ut
420 1399 539 1451 Bernaba
556 1399 627 1450 Luca
643 1398 788 1467 Stephano,
812 1398 981 1468 apostolorum
997 1396 1104 1465 collegio
1123 1413 1221 1450 connu-

127 1464 246 1531 meratis,
263 1464 318 1518 aliis
336 1467 411 1520 etiam
429 1463 617 1520 ίσαποστόλιον
632 1467 733 1520 nomine
756 1466 902 1533 honoratis,
921 1467 1075 1534 subiungunt
1091 1461 1221 1533 ίιρομάρ-

127 1551 215 1601 τορας
233 1534 366 1602 pontifices
383 1535 456 1588 simul
472 1539 500 1588 et
515 1540 656 1604 martyrem
678 1531 891 1604 ιοοιμάρτυρας
901 1535 1027 1603 (intellige
1038 1531 1129 1595 λιιοάς
1140 1535 1222 1587 nudos

47 1613 49 1618 ’
127 1619 160 1656 ac
181 1603 319 1672 simplices)
343 1610 485 1672 martyres3
511 1599 681 1672 ὅμολογητάς
703 1605 862 1657 confessores
889 1604 1008 1656 nonnulla
1030 1609 1154 1656 tormenta
1178 1604 1222 1656 vel

128 1671 242 1724 exsilium
259 1687 306 1742 pro
323 1672 420 1725 christi
430 1671 529 1724 nomine
539 1688 642 1740 psssosp
661 1666 862 1740 ὁσιομάρτυρας
877 1673 1012 1725 monachos
1023 1671 1095 1723 simul
1111 1680 1138 1723 et
1151 1687 1222 1724 mar-

130 1745 219 1809 tyress
237 1735 337 1801 ὁσίους
350 1741 500 1802 ιιιοιιιολιοις
517 1739 643 1802 δικαίους
654 1740 746 1804 iustos,
759 1757 823 1809 qnos
835 1741 993 1794 confessores
1009 1741 1086 1806 vulgo
1102 1740 1221 1802 dicimuss

128 1802 291 1875 παρθένους
306 1807 436 1876 virginem
458 1803 726 1877 παρθινομάρτυρας
741 1808 854 1878 virgines
870 1807 943 1864 simul
965 1825 998 1863 ac
1013 1814 1153 1876 martyrem
1171 1827 1221 1878 γο-

129 1872 352 1946 ναικομάρτυρας
364 1877 470 1931 feminas
486 1883 611 1946 martyres
627 1882 677 1931 cte.

185 1979 236 2032 ib.
251 1995 278 2032 v.
289 1980 313 2036 8.
331 1971 373 2032 ἐπ’
390 1973 507 2048 ὀνόματι
523 1973 610 2032 nivosi
625 1973 727 2050 μονήν]
744 1979 815 2034 cuius
832 1979 989 2034 fundatorem
1014 1979 1125 2034 Leonem
1142 1979 1223 2048 Sapi-
1241 2039 1245 2044 ,

130 2051 212 2101 entem
228 2049 309 2100 refert
325 2047 390 2100 alins
405 2045 460 2101 Leo
479 2048 662 2102 Grammaticus
677 2048 704 2102 in
722 2048 775 2102 eins
790 2049 852 2106 rita.
871 2045 974 2102 ἔκτισεν
988 2042 1004 2102 ὃ
1016 2045 1094 2101 Λέων
1106 2043 1145 2110 sle
1154 2045 1223 2111 τοὺς

130 2112 292 2185 λεγομένους
309 2112 419 2178 Τόπους
435 2111 486 2170 τόν
502 2113 582 2186 άγιον
598 2113 742 2186 Λάζαρον,
759 2114 965 2179 κατασκευάσας
981 2113 1070 2185 μονὴν
1086 2111 1221 2186 άνδρείαν

114 2181 289 2254 οὑπάγων,
307 2181 380 2238 ἔνθα
398 2183 447 2238 ool
463 2188 513 2239 τοῦ
530 2180 612 2254 άγίου
628 2181 759 2253 Λαζάρου
776 2188 815 2238 soi
834 2205 854 2239 α
874 2183 923 2240 soci
943 2187 1059 2254 Μαρίας
1082 2186 1132 2272 τῆς
1156 2189 1223 2238 Moe

129 2253 271 2322 primiparis
287 2248 457 2323 άναιισμίσας
470 2250 606 2324 aetuoso,
623 2251 742 2323 ποιήσας
756 2250 792 2308 τά
819 2255 930 2322 γναίνια
946 2253 995 2308 καί.
1011 2255 1061 2322 τῆς
1078 2250 1190 2324 corriel
1206 2285 1222 2297 -

130 2323 252 2390 νλησίας.
270 2317 474 2392 άσγολουμὲυου
491 2317 523 2376 di
539 2325 590 2377 soni
613 2320 711 2378 στόλου
730 2319 770 2386 είς
792 2321 829 2377 τά
852 2323 984 2409 sclopano
1006 2325 1062 2376 τῶν
1086 2321 1222 2378 τοιούτων

131 2383 280 2460 ἐκκλησιῶν
294 2387 466 2462 παρελήφθη
484 2385 515 2446 ἒν
531 2392 643 2466 Σικελίᾳ
659 2387 691 2447 τά
712 2386 884 2462 Ταυρομένιν
898 2386 955 2446 υπὸ
970 2391 1025 2444 τῶν
1038 2387 1152 2461 Ἄφρων.

199 2493 235 2547 ib.
252 2511 279 2551 v,
291 2487 333 2549 11.
352 2489 402 2557 τάς
417 2492 561 2564 γινομένας
578 2486 608 2548 iv
624 2495 683 2556 τοῖς
697 2495 890 2562 μοναστηρίοις
906 2484 1017 2562 ἑορτάς]
1028 2495 1050 2547 si
1066 2497 1096 2548 S.
1109 2494 1224 2566 Sophiae

131 2563 304 2632 apostolorum
328 2563 575 2647 Blachernarumque
597 2561 735 2646 dempseris
751 2563 901 2646 'ecclesiam
925 2563 988 2616 alias
1009 2563 1051 2615 hie
1066 2565 1224 2648 'recensitas

129 2631 447 2771 dqlttiltttlt
458 2631 1224 2780 ffffledilmdiliiffflii‘’sdiilloi’d'gli

131 2775 306 2834 enumeratas,
322 2770 479 2827 observabis.
552 2819 556 2824 ,

198 2845 233 2900 s‘b.
249 2863 274 2902 r.
288 2847 331 2902 13.
353 2844 484 2918 πλάγιον]
506 2846 604 2919 regiam
626 2845 746 2904 rexidum
773 2845 925 2918 imperatore
956 2847 1061 2902 absente
1085 2844 1222 2915 obliquum,

131 2918 266 2985 praesente
281 2922 380 2970 rectum
393 2922 505 2972 tenmur.

200 2999 235 3053 ib.
251 3017 277 3054 r.
289 3003 332 3057 16.
350 2997 449 3056 ἅπτειν
465 2995 599 3071 λαμπάδα
615 2995 660 3054 snt
675 2999 728 3053 rosi
742 2997 893 3070 διβιλλίοο]
918 2999 978 3068 quid
994 2999 1056 3052 illud
1080 2998 1161 3064 ritus,
1178 3015 1223 3052 ce-

133 3083 204 3119 reum
216 3068 256 3120 rel
266 3069 404 3141 lampadem
420 3073 447 3126 in
465 3071 558 3126 vexillo
574 3068 736 3124 accendere?
752 3085 811 3122 num
826 3074 896 3122 rects
912 3068 1019 3134 arioler,
1036 3068 1116 3122 amice
1132 3068 1224 3132 lector,

133 3133 211 3188 iudex
227 3145 291 3188 esto.
305 3138 331 3190 in
348 3139 431 3194 aeneis
448 3140 536 3208 figuris
552 3140 611 3192 huic
630 3138 703 3210 operi
717 3137 825 3208 sparsim
843 3137 966 3207 appositis
987 3138 1146 3206 (describunt
1162 3136 1224 3189 illae

135 3204 293 3256 Graecorum
309 3206 490 3276 imperatorem
505 3209 625 3260 loannem
642 3207 756 3260 ultimum
772 3207 805 3260 ad
829 3205 1002 3259 Florentinum
1027 3206 1150 3274 synodum
1175 3205 1225 3258 iter

134 3271 279 3340 habentem)
297 3275 329 3326 ad
339 3275 406 3329 latus
415 3275 575 3346 imperatoris
589 3275 697 3329 sedentis
715 3275 742 3327 in
760 3275 856 3328 triremi
871 3273 1004 3339 vexillum,
1020 3274 1135 3347 superins
1151 3289 1167 3325 a
1185 3289 1227 3326 ma

135 3335 272 3412 diditione
289 3343 441 3396 nominatum
454 3362 476 3402 c.
491 3343 507 3397 5
518 3349 579 3396 nota
589 3342 658 3412 adp.
670 3345 705 3398 ³9
717 3360 742 3396 r.
755 3346 787 3398 12
813 3343 1002 3408 animadverto,
1015 3359 1047 3395 ex
1063 3341 1134 3394 cuins
1144 3341 1225 3394 medio

138 3414 214 3462 conto
224 3409 345 3464 laternam
357 3413 412 3466 sive
422 3411 531 3484 phanale
541 3427 705 3482 prorumpens
716 3428 766 3463 non
777 3383 844 3464 aliud
874 3427 931 3464 uam
941 3411 1024 3478 ignem
1034 3411 1226 3480 imperatoribus

135 3478 276 3602 {raptatum
294 3479 423 3534 includere
440 3480 550 3534 mihimet
565 3479 717 3550 persuadeo.
742 3495 800 3532 num
817 3495 841 3531 m
876 3495 891 3531 ο
910 3473 1009 3532 άπιειν
1024 3473 1076 3547 τὴν
1093 3475 1226 3547 λαμπάδα

150 3551 231 3600 nono
246 3548 298 3600 rori
314 3549 450 3622 διβελλίου
470 3566 550 3604 meam
567 3547 685 3602 admittat
703 3547 887 3618 sedecimam,
904 3549 1032 3618 approbas
1050 3547 1093 3601 vel
1108 3555 1137 3604 tu
1151 3548 1225 3619 quip-

134 3617 203 3688 piam
214 3615 281 3670 aliud
293 3617 351 3671 loco
362 3618 442 3689 magis
456 3635 594 3688 congruum
606 3616 728 3672 edissere.

220 3723 257 3781 ib.
272 3743 299 3783 v.
321 3729 369 3790 18.
405 3725 551 3785 ridiculum
570 3730 614 3784 est
635 3725 712 3800 quod
725 3723 821 3784 Iunius
840 3723 1014 3802 suspicatur,
1036 3721 1146 3806 άραίας
1165 3713 1224 3785 πά·

136 3812 189 3881 λας
213 3809 302 3869 dictas
325 3810 403 3886 quasi
424 3811 561 3886 boronus,
587 3809 655 3890 quod
677 3811 706 3868 in
726 3812 812 3888 μαὀιι
839 3809 887 3868 ι’ίίι
913 3811 1063 3888 templorum
1091 3810 1168 3868 odito
1188 3811 1226 3866 αλ

137 3893 341 3954 commodissimo
360 3900 499 3955 amatorum
519 3901 544 3954 et
564 3896 754 3971 horologiorum
781 3894 859 3954 sedes.
901 3895 1028 3972 credam,
1056 3895 1104 3952 ubi
1129 3892 1225 3950 Iunius

138 3978 369 4040 demonstraverit
389 3982 473 4042 etiam
489 3981 520 4039 in
542 3980 646 4059 templo
667 3979 920 4057 Hierosolymitano
941 3987 1052 4058 portem
1071 3979 1226 4057 speciosam

73 4109 76 4115 .
137 4063 241 4207 dictzm
259 4084 321 4125 esse
342 4067 424 4143 quasi
445 4069 594 4142 λοισνίοοι,
615 4067 692 4142 quod
712 4065 861 4126 sciaternm
874 4072 904 4126 et
923 4064 1128 4142 horologiorum
1143 4062 1226 4120 sedes

136 4165 199 4206 esse

205 4229 269 4283 ibid.
308 4233 458 4286 vestibulum
481 4231 675 4286 monasticarum
703 4230 866 4285 ecclesiarum
896 4227 1062 4284 subeuntibus
1092 4230 1227 4280 occurrunt

138 4289 240 4368 ‘'lidii“
255 4296 354 4374 πύλαι,
371 4317 548 4374 nonnunquam
564 4299 704 4372 βασιλυιυί
721 4306 891 4373 nuncupatas.
913 4297 1065 4356 vetonica
1083 4295 1143 4352 illud
1159 4291 1229 4368 spoi-
