2822 4684
82 195 84 203 ⁴
152 241 229 312 seo
311 237 520 308 euersum
533 239 588 306 ar
607 235 740 308 oouu
754 235 1089 310 cormmrmros

151 425 227 465 nunc
242 422 323 482 reges
337 401 522 482 appellantur.
542 402 604 479 quis
619 407 706 479 neget
718 399 772 460 hoe
792 421 811 460 a
829 419 897 462 vero
910 402 992 462 nimis
1009 406 1148 462 remotum
1168 403 1254 462 esse‘l

149 491 254 570 primus
264 490 337 548 eninr
350 487 468 546 Carolus
481 505 601 566 magnus
610 493 640 545 et
650 487 696 545 alii
706 487 922 546 nominabantur
932 489 1041 566 patricii
1051 488 1251 548 Romanorum.

148 595 186 636 eu
196 577 260 634 ideo
269 591 350 652 reges
359 572 551 632 Romanorum
560 571 605 630 vel
616 577 697 630 erant
705 571 750 630 vel
756 572 954 632 habebantur?
967 577 998 631 at
1005 573 1124 632 Carolus
1132 593 1251 652 magnus

147 667 300 740 postquam
308 659 499 718 Romanorum
509 659 660 737 imperator
670 661 779 716 creatus
790 663 820 716 et
830 657 922 736 palam
933 657 1127 736 promulgatus
1138 667 1191 736 est,
1202 660 1252 717 de-

147 745 336 825 siitlappellari
343 743 474 824 pah-icius
482 741 681 802 Romanorum
696 743 763 818 quid
775 742 857 802 tum‘i
871 763 908 802 aa
919 743 992 821 ideo,
1003 765 1067 804 cum
1079 749 1154 804 esset
1162 745 1252 824 patri-

147 832 216 908 cius,
232 849 281 888 rex
293 829 483 889 &manorum
493 826 577 886 erati
600 828 625 886 ei
640 828 703 904 quis
716 833 828 887 exterae
841 829 963 888 nationis
979 829 1117 907 pahicius·
1126 828 1252 890 Venetus

147 921 287 974 crearetur
301 915 358 974 dux
368 912 503 990 Venetus,
519 913 627 992 patricii
642 930 745 971 nomeu
758 914 856 990 utique
871 915 1021 973 omitteret.
1037 933 1075 974 an
1088 915 1153 972 ideo
1167 923 1251 974 antea

145 1020 196 1060 rex
205 1000 376 1060 Venetorum
389 996 510 1078 fuisset?
525 997 668 1058 alieniusa
681 1017 746 1057 vero
760 1005 815 1076 eet,
824 1000 901 1078 quod
911 999 952 1060 ait
961 999 1036 1058 idem
1047 997 1183 1058 Glossarii
1192 999 1251 1058 eol-

145 1087 252 1166 lector,
272 1090 452 1164 imperatorer
466 1083 735 1143 rehureceleetaetr'cr'r
747 1087 876 1164 tanqam
894 1103 1041 1164 supremam
1063 1091 1146 1164 ceput
1166 1105 1250 1165 proe-

142 1173 248 1253 suirre,
266 1179 291 1230 et
304 1171 356 1230 hcc
367 1170 542 1248 infrenatione
554 1172 699 1248 patriciam
709 1171 789 1228 ἰιίιιι
802 1172 859 1228 eiua
879 1173 972 1246 cgr'sre.
993 1170 1081 1247 idque
1096 1169 1199 1248 probat
1213 1189 1248 1230 ex

146 1256 339 1336 disputatione
364 1254 527 1331 Gregeutii,
557 1253 604 1312 ubi
626 1254 694 1312 dicit
711 1252 808 1314 Erban
832 1253 984 1332 Iudaeum,
1013 1254 1146 1334 baptismi
1165 1257 1249 1314 undis
1365 1267 1367 1274 ’

146 1343 203 1402 iam
219 1341 361 1419 ablutum,
381 1345 504 1398 creatum
517 1357 579 1398 esse
594 1358 612 1398 a
626 1357 693 1416 rege
708 1337 917 1400 Homeritarum
937 1337 1175 1418 ιιίιειιιιλησίονιι,
1200 1341 1249 1416 qui

147 1427 272 1487 Meursio
294 1431 339 1484 est
361 1428 479 1484 ιιίιαιιιιι
504 1428 577 1501 regie
599 1431 735 1500 tauquam
756 1424 879 1504 supremi
903 1425 935 1484 iu
953 1425 1038 1484 rebus
1055 1425 1247 1484 ecclesiasticis

147 1512 256 1592 eapitis.
277 1513 329 1570 sed
339 1510 477 1570 Meursius
493 1508 538 1568 hic
555 1509 636 1567 nimis
649 1515 747 1588 aperte
760 1510 898 1586 anglisat:
919 1515 953 1568 ut
966 1510 1041 1569 enim
1054 1509 1139 1588 Angli
1153 1531 1249 1590 regem

146 1615 229 1657 suum
251 1592 337 1656 veluti
358 1613 519 1673 supremmn
547 1594 677 1652 ecelesiae
709 1600 796 1672 caput
818 1600 1004 1673 venerantur,
1032 1597 1074 1655 ita
1097 1602 1128 1655 et
1146 1595 1249 1658 Batavi

146 1702 229 1742 suum
251 1682 447 1758 magistratum
461 1677 498 1740 ad
511 1680 586 1738 idem
604 1680 712 1738 culmen
725 1681 842 1738 evehere
856 1681 1010 1760 incipiunt,
1033 1686 1067 1740 ut
1082 1681 1197 1759 planum
1214 1683 1248 1741 fit

146 1787 210 1827 cum
224 1767 328 1826 exaliis
342 1764 541 1842 novatoribus,
561 1769 622 1824 tum
637 1783 670 1824 ex
687 1764 811 1842 Hugone
825 1765 927 1824 Grotio
948 1771 977 1826 ιἰι
995 1765 1098 1826 Ρίιίαίι
1116 1768 1247 1828 Ordinem

145 1852 324 1922 Hotlande'ae3
343 1852 373 1909 in
383 1870 439 1926 quo
449 1856 545 1908 tamen
561 1869 662 1928 apuro
675 1851 846 1910 Calvinismo
863 1856 893 1909 et
919 1849 1108 1910 Puritanismo
1126 1851 1247 1912 immane

145 1942 282 2014 quantum
297 1936 447 2012 recedunt,
466 1936 514 2011 qui
527 1934 686 1995 huiusmodi
698 1937 797 2014 capitis
806 1937 1064 2014 impatientissimus
1075 1941 1134 2016 est,
1154 1957 1247 2014 neque

144 2042 269 2099 unquam
297 2023 357 2080 eius
387 2021 494 2097 absque
517 2021 597 2096 gravi
620 2022 808 2080 detestatione
832 2023 965 2082 meminit.
1000 2041 1053 2081 nec
1075 2021 1245 2100 Gregentius

145 2110 299 2184 quidquam
319 2109 356 2165 de
372 2107 426 2166 hoc
445 2109 588 2184 vicecapitc
611 2105 710 2165 innuit
738 2108 794 2166 imo
811 2107 920 2166 futilem
940 2107 1013 2168 hanc
1035 2109 1245 2185 persuasionem

143 2191 268 2253 Meursio
288 2192 406 2252 eximere
422 2196 552 2269 poterat,
568 2191 593 2248 si
608 2193 731 2250 animum
745 2192 789 2250 vel
806 2192 950 2269 pardrdum
974 2193 1151 2254 advertisset.
1179 2215 1244 2254 nam

141 2277 363 2356 dornatqolovo
382 2277 422 2335 ait
439 2295 503 2335 eum
523 2295 585 2335 esse
608 2278 656 2352 qui
676 2277 811 2336 Romanis
830 2283 945 2336 vocetur
961 2281 1096 2356 petricius
1118 2283 1148 2338 et
1165 2284 1244 2339 coni-

142 2364 221 2422 clema
243 2363 305 2438 quis
328 2367 421 2420 autem
436 2378 561 2436 unquam
581 2363 687 2420 audivit
701 2363 873 2440 praefectum
892 2362 1005 2422 caniciei
1026 2366 1076 2422 aut
1096 2365 1242 2441 patriciruu

138 2449 227 2507 fuisse
242 2447 374 2506 vicarium
392 2447 514 2525 supremi
531 2447 630 2524 capitis
646 2448 676 2504 in
696 2447 779 2505 rebus
794 2448 1002 2526 ecclesiasticis,
1022 2449 1076 2506 hoc
1092 2456 1137 2507 est
1154 2451 1242 2527 impe-

138 2532 266 2592 ratoris?
285 2531 350 2591 licet
360 2533 434 2592 cuim
452 2532 552 2590 Graeci
573 2533 741 2610 posteriores
756 2540 785 2590 et
800 2533 958 2612 aequiores,
980 2539 1161 2612 postquama
1176 2537 1241 2595 visi-

139 2617 189 2677 bili
204 2635 294 2694 eoque
309 2637 375 2677 vero
397 2617 490 2696 eapite
501 2617 633 2676 ecelesiae
647 2618 841 2696 desciverunt,
861 2619 1021 2698 imperatori
1039 2637 1093 2678 suo
1105 2621 1241 2679 honorem

139 2705 263 2783 supremi
283 2703 381 2781 capitis
404 2702 572 2780 detulerint,
600 2721 744 2779 nunquam
764 2709 859 2764 tamen
880 2704 1032 2783 patricium
1053 2709 1102 2763 aut
1126 2707 1241 2765 caniciei

137 2789 295 2866 praesidem
306 2787 466 2868 imperatori
480 2789 511 2847 iu
525 2788 594 2866 hoc,
615 2794 648 2848 ut
663 2789 705 2847 ita
718 2783 835 2869 loquar,
856 2794 1028 2872 capitaneum
1042 2791 1147 2850 sociurn
1160 2792 1241 2851 attri-

139 2875 270 2933 buerunt.

465 3382 794 3459 CAPUT
850 3385 914 3462 IV.

120 3572 122 3575 ἡ
220 3634 249 3694 p.
261 3615 335 3676 rav.
347 3615 376 3676 7.
395 3569 574 3691 Σκιᾶὃιον,
596 3616 674 3692 quod
688 3621 718 3674 et
739 3609 854 3691 occide,
874 3617 1044 3676 adverbum
1062 3621 1107 3677 est
1123 3617 1237 3680 amidio

133 3727 184 3767 eeu
194 3707 393 3780 cumaculam,
410 3715 531 3784 tegumen
544 3711 655 3788 capitis,
674 3708 795 3768 breviter
805 3710 910 3788 pileus,
930 3729 987 3788 quo
1000 3711 1112 3770 nomiae
1127 3711 1157 3770 in
1174 3730 1236 3770 ver-

133 3797 213 3854 sione
227 3792 376 3873 praecipue
393 3813 462 3852 usus
475 3811 546 3852 sum.

201 3909 267 3962 ibid.
302 3907 413 3962 cranium
436 3907 517 3962 solum
540 3912 647 3960 coronat
669 3907 697 3960 et
722 3905 814 3962 leviter
842 3909 977 3964 adumbrat
1004 3905 1037 3966 cd
1063 3902 1236 3977 καλούμενοι

133 3973 276 4044 σκιάδιον,
296 3977 397 4048 quade
414 3994 557 4032 causanon
574 3976 728 4044 umbellam,
756 3995 803 4031 ceu
822 3997 911 4032 carens
927 3979 1056 4051 protensis
1074 3979 1100 4032 in
1123 3980 1233 4032 frontem

136 4047 206 4111 oris,
231 4045 277 4101 sed
300 4048 426 4116 pileolum
449 4065 482 4100 ex
508 4062 591 4115 aequo
609 4046 645 4112 (si
663 4047 773 4100 medium
791 4056 874 4102 tamen
892 4065 997 4118 conum,
1022 4048 1084 4100 licet
1098 4047 1234 4112 modicum,

136 4116 295 4185 appiuxeris)
318 4123 394 4186 caput
410 4116 576 4178 ambientem,
599 4114 659 4166 mihi
676 4117 770 4184 potiori
789 4118 845 4171 iure
860 4124 951 4180 sonat3
973 4133 1098 4204 quemque
1113 4110 1235 4186 diopoip-

135 4201 224 4252 pcpoc
240 4186 282 4238 hic
300 4194 392 4238 auctor
408 4191 504 4247 vocat,
530 4183 703 4252 Theophanes
719 4185 790 4256 prius
806 4183 995 4256 καμηλιιύιιιοιι
1012 4185 1145 4238 ἃιιιλνθον
1161 4185 1236 4250 dixit,

138 4252 291 4324 Totitaeque
315 4255 458 4310 Gaurum
483 4253 539 4324 regi
561 4253 704 4308 detractum
729 4272 747 4310 a
771 4255 884 4312 Nassete
903 4255 1005 4328 cpolin
1021 4254 1056 4312 ad
1068 4254 1235 4310 lastinianum
