2798 4690
142 266 218 340 296
305 263 514 334 GllETSElil
529 264 585 332 ET
601 263 735 336 Gonu!
752 261 1088 332 COMMENTARIUS

141 433 183 486 uis
199 429 384 502 praecedento,
401 431 429 484 ot
445 425 512 498 ipio
526 423 576 482 sol
591 420 696 498 papalia
718 422 924 496 cmouousooci
947 425 1031 496 doto,
1055 423 1191 480 meo
1206 441 1253 482 as·

142 502 249 570 signet,¹

228 579 310 668 pi59
333 582 433 648 v.-1l.
454 583 555 642 Graeci
571 603 630 643 uon
651 589 762 643 taatmn
778 590 846 642 ante
866 583 972 662 pascha
993 583 1045 642 sed
1066 589 1178 642 etanta
1196 585 1253 644 alia

38 679 131 736 Piib
149 657 223 733 sesto
237 671 403 751 praecipua,
439 674 473 726 ut
491 676 536 728 est
550 669 651 748 natalis
672 669 798 746 domini,
829 670 1072 746 quadragesimam
1089 671 1253 747 praemitte-

141 761 230 834 bant,
243 757 303 815 'sed
324 755 568 832 quadragesimam
588 773 647 813 non
661 772 694 812 re
715 755 767 814 sed
786 754 857 814 solo·
871 757 1001 830 nomine,
1022 759 1123 832 utpote
1146 756 1252 814 ieiunio

146 844 244 926 paucis
272 842 371 900 diebus
398 840 615 918 circumscripto.
655 841 686 898 id
709 841 798 898 disces
815 860 850 898 ex
871 840 1059 915 Balsamoue,
1090 839 1185 915 quiin
1205 860 1253 900 re-

147 947 263 1008 sponso,
275 927 312 985 ad
331 923 372 990 58
389 927 582 1002 quaestionem
604 925 694 984 Marci
714 925 889 1004 patriarchae
910 924 1093 984 Alexandrini
1115 927 1156 984 ita
1182 926 1253 985 scri-

147 1014 205 1073 bit:
231 1017 277 1092 aps
302 1011 467 1091 defendimus
489 1013 592 1070 ieiunia
615 1014 760 1070 masurio
781 1011 936 1090 praeoedere
949 1011 1014 1070 boec
1030 1015 1155 1090 quattuor
1163 1012 1253 1090 festa,

141 1101 273 1160 nimirum
283 1097 384 1176 sertum
398 1101 548 1156 condamm
561 1097 754 1176 apostolorum,
771 1097 875 1156 adolii
891 1097 1009 1172 cassu,
1033 1096 1253 1177 lpaasformotio-

147 1188 192 1243 nis
215 1184 317 1244 clausu
334 1187 361 1240 et
379 1181 424 1241 dei
438 1185 538 1253 nostri,
554 1187 580 1240 et
597 1181 792 1242 obdormitiom‘s
809 1187 917 1241 condas
930 1182 1071 1260 deiparae,
1090 1179 1136 1240 sod
1148 1187 1255 1240 tauma

26 1293 29 1300 ·
150 1275 246 1350 sqstem
264 1269 376 1334 dr‘emm.
419 1287 502 1326 unum
528 1271 598 1325 emm
618 1273 657 1326 est
685 1265 869 1346 quodraginta
891 1267 993 1326 diemo
1019 1267 1146 1326 iciumisrs
1166 1269 1256 1326 sancti

150 1361 175 1414 ct
196 1357 291 1430 magui
311 1351 464 1413 Parabotir.
508 1351 604 1430 medai
626 1355 685 1433 quis
707 1353 768 1430 plus
788 1371 867 1431 quom
886 1358 982 1430 septem
1002 1351 1093 1410 diebus
1115 1354 1190 1411 circo
1208 1350 1256 1429 fo-

145 1446 221 1500 etum
246 1444 400 1506 sanderum
423 1436 599 1518 apostolorum
627 1443 652 1496 et
674 1436 778 1516 jutum
807 1437 908 1498 mutis
934 1437 1037 1498 ctum
1064 1439 1177 1514 ieiunet,
1208 1457 1255 1498 seu

148 1529 242 1604 sponte
261 1543 307 1584 seu
328 1523 427 1582 ordinis
445 1527 490 1582 sui
509 1523 604 1600 remila
633 1523 778 1601 impulsus,
804 1543 856 1582 noa
881 1523 1087 1602 adspaobitur.
1130 1522 1256 1601 quorsom
1282 1571 1285 1578 .

152 1616 241 1668 autem
263 1616 288 1667 ct
303 1614 406 1688 propter
425 1607 490 1687 qaid
514 1614 575 1666 onte
598 1607 798 1686 unumquodque
817 1609 910 1667 buum
932 1613 1057 1686 quattuor
1070 1607 1201 1687 sectorum
1216 1628 1256 1668 se·

153 1697 248 1754 iuuare
268 1693 421 1766 debeamus,
442 1693 604 1753 declaratum
619 1697 649 1752 in
666 1692 791 1772 synodali
807 1693 936 1754 decisione
950 1692 983 1751 de
996 1714 1025 1752 eo
1038 1713 1058 1752 a
1076 1695 1150 1752 nobis
1161 1693 1256 1771 sacta.

156 1782 205 1858 qai
227 1781 313 1854 igitur
332 1799 383 1838 uon
412 1781 530 1838 ieiunant
555 1783 618 1838 anic
641 1778 842 1857 unumquodque
866 1779 959 1837 domm
977 1784 1103 1857 quatitur
1114 1777 1255 1858 sutorum,

156 1867 211 1922 siae
233 1863 293 1922 allo
320 1867 422 1922 omuino
444 1867 629 1938 cxauatioae,
660 1866 767 1938 magnis
790 1863 995 1922 emmdobuutur
1013 1866 1115 1940 poenis.
1157 1864 1256 1922 eodan

109 1979 117 1990 -
156 1945 244 2007 trisdit
266 1948 417 2007 Balsamon
440 1949 469 2007 iu
490 1949 633 2028 responsis
649 1948 687 2006 ad
703 1948 938 2026 interrogationes
959 1947 1137 2024 quorundam
1159 1969 1258 2009 mona-

157 2033 287 2110 chorum,
306 2053 379 2110 quae
401 2041 513 2093 exstant
530 2039 597 2114 post
616 2032 845 2092 Nomocanonem
863 2033 968 2092 Photii.

209 2187 212 2198 .
243 2136 345 2194 Graeci
363 2136 570 2211 quiritabantur
588 2137 659 2196 haec
677 2135 780 2194 ieiunia
804 2155 822 2194 a
843 2133 954 2195 Latinis
969 2151 1028 2194 non
1048 2133 1204 2207 observari3
1225 2153 1259 2194 ac

79 2279 83 2286 ,
152 2221 277 2298 ,proinde
301 2221 355 2280 hac
375 2221 512 2280 etiamen
533 2227 615 2300 parte
641 2241 704 2280 cum
718 2223 818 2280 iisdem
834 2221 1011 2280 concordiam
1020 2219 1084 2278 iniri
1097 2239 1155 2278 non
1165 2237 1259 2298 posse.

157 2309 284 2365 instituto
297 2314 323 2366 et
339 2323 421 2364 mores
437 2301 522 2366 bassas
536 2307 642 2366 dinosa
656 2311 758 2366 omnino
772 2312 852 2379 suast,
872 2307 965 2384 inquit
980 2304 1093 2367 Marcus
1108 2303 1259 2384 Ephesius,

157 2393 260 2450 isiaaia
275 2398 301 2450 et
316 2395 385 2450 ritus
406 2391 577 2452 ecclesiastici
591 2400 617 2451 et
631 2393 747 2452 similia.
791 2411 858 2470 quae
877 2413 940 2470 ergo
963 2392 1007 2451 bic
1030 2393 1110 2466 sosio,
1129 2391 1177 2450 ubi
1193 2392 1258 2450 nul-

155 2475 214 2534 lum
224 2481 319 2555 patens
332 2497 365 2534 uc
378 2476 550 2554 mwufestum
570 2485 679 2557 apparet
702 2478 830 2554 siguum?
851 2483 876 2538 st
890 2477 1016 2555 quomodo
1030 2479 1101 2536 uniti
1112 2483 1189 2553 suut,
1212 2479 1260 2556 qui

159 2563 334 2620 suaretinero
346 2563 460 2621 auaui
481 2564 531 2621 bac
554 2568 622 2622 asim
646 2563 704 2640 lage
728 2581 805 2622 suum
822 2563 860 2622 od
875 2566 998 2622 unionem
1010 2563 1154 2640 praebuere
1166 2583 1261 2621 assen-

160 2663 233 2726 sum,
256 2650 410 2724 quamuisa
428 2654 537 2725 patrum
562 2649 751 2707 traditionibus
769 2649 933 2716 desciverint.
976 2648 1130 2726 respondet
1148 2648 1261 2724 Grego-
1383 2711 1384 2714 Ἴ

159 2731 217 2790 rius
238 2733 461 2810 protosyncellus
479 2735 509 2792 iu
526 2733 656 2811 apologia
670 2754 723 2814 pro
738 2731 853 2792 concilio
871 2733 1052 2810 Florentino,
1073 2751 1146 2809 qaae
1167 2737 1263 2793 exstat
1383 2727 1384 2730 '

160 2817 200 2887 ad
226 2817 329 2878 calcem
355 2819 480 2878 eiusdem
502 2817 658 2878 Florentini
676 2819 783 2880 concilii
798 2819 828 2878 ia
848 2819 915 2878 edit.
931 2817 1060 2876 Romana
1080 2817 1263 2878 Graeco-La-

158 2901 227 2960 tiua
269 2907 352 2961 nescit
372 2923 450 2979 ergo,
468 2909 500 2962 ut
518 2905 600 2983 plone
623 2905 745 2979 uidetur,
766 2908 877 2964 ammius
896 2905 940 2963 bic
953 2905 996 2964 vir
1008 2907 1139 2962 uomosin
1152 2904 1203 2962 doc
1218 2908 1263 2962 et-

151 2991 217 3044 ·iam
231 3005 331 3061 magna
345 2988 409 3045 urbe
425 2987 569 3065 (ipolitum
587 2993 689 3048 minori
707 3009 803 3065 suoru,
824 2992 1029 3068 ieiuniorumqsoe
1048 3008 1081 3047 ac
1100 2993 1202 3048 rituum
1218 3008 1262 3046 ec-

161 3069 365 3129 clesiasticorum
386 3091 439 3132 csse
456 3073 634 3137 diversitates.
674 3092 786 3152 namque
805 3081 867 3133 onte
886 3074 986 3134 curua
1007 3073 1125 3132 natalem
1137 3079 1200 3132 aaut
1214 3076 1264 3152 qui

124 3199 126 3206 .
157 3153 304 3214 ordiuntur
326 3159 454 3216 ieiunium
472 3175 505 3215 ec
528 3159 572 3216 die
597 3158 637 3222 16
660 3155 830 3230 Nucerini,
860 3159 912 3219 aiii
931 3180 964 3218 ea
982 3159 1025 3218 die
1050 3164 1070 3224 6
1101 3159 1263 3234 Dmuubris,

162 3239 214 3298 alii
229 3260 261 3298 ea
280 3241 336 3316 203
358 3242 396 3299 ad
411 3242 529 3302 bonuau
546 3263 645 3322 quoque
660 3247 819 3304 ascensionis
839 3244 941 3304 Glrisii
956 3244 1063 3323 quidam
1077 3247 1195 3304 ieiunare
1216 3248 1263 3303 ia·-

164 3328 267 3402 cipiuat
284 3345 318 3384 eu
339 3327 456 3386 calendis
473 3325 562 3402 Maii,
585 3336 610 3387 ei
627 3330 685 3388 aliu
702 3331 737 3388 ab
750 3329 814 3389 aliis
828 3333 929 3389 ieiunis
946 3329 1123 3388 damonia.
1151 3349 1215 3389 narn
1236 3335 1264 3388 a

164 3413 222 3488 ipso
238 3418 345 3470 sauctae
361 3434 394 3471 ac
409 3433 523 3490 maguae
538 3415 756 3494 quadragesimae
776 3422 886 3493 tempore
905 3415 996 3473 diebus
1011 3415 1134 3474 sabbatii
1152 3436 1186 3473 oc
1211 3413 1262 3473 do-

165 3498 276 3554 minicae
295 3499 375 3556 multi
391 3506 532 3558 vescantur
543 3503 677 3578 piscibus,
698 3501 762 3560 aliis
779 3521 880 3579 quaque
898 3501 951 3558 olii
969 3499 1077 3570 diebus‚·
1098 3506 1160 3558 sunt
1180 3503 1262 3558 etiam

166 3585 213 3658 qui
231 3587 266 3640 iis
282 3586 383 3642 ansuino
401 3603 428 3642 se
444 3587 583 3648 abstineut.
628 3588 694 3665 quid
713 3587 794 3664 ergo?
816 3587 961 3644 dicemusne
975 3586 1037 3644 iilos
1048 3586 1106 3664 fide
1126 3590 1206 3644 etiam
1220 3589 1264 3644 ia-

166 3673 206 3724 ter
223 3689 249 3724 se
266 3667 412 3726 dissidere?
439 3673 468 3728 ia
487 3674 585 3728 ritibus
602 3692 703 3750 quoque
719 3672 901 3730 ecclesiasticis
921 3672 1079 3729 consuetudo
1100 3676 1140 3727 est
1165 3674 1265 3728 namo:

109 3797 111 3804 r
161 3749 228 3809 mosa
246 3751 389 3828 tlpiolitano
409 3759 492 3813 maior
508 3757 615 3814 ecclesio
638 3759 666 3814 ia
693 3756 854 3814 celebrandis
882 3755 975 3833 officiis
998 3757 1054 3814 alio
1077 3775 1146 3813 more
1167 3760 1265 3830 utitur,

167 3838 223 3895 alia
244 3857 303 3896 uero
326 3841 428 3896 maiora
454 3846 629 3916 monasteria,
652 3843 715 3900 alio
738 3845 840 3900 minora
865 3843 902 3901 ad
923 3845 1033 3920 quietem
1057 3839 1266 3915 accommodata,

167 3922 277 4000 denique
304 3921 360 3980 aiio
384 3924 547 3984 sacerdotum
569 3927 727 3985 secularium
745 3928 874 3986 ecclcsiae.
919 3930 984 4004 quin
1004 3933 1029 3985 et
1057 3925 1267 3984 Tabennesiotae

167 4012 196 4066 in
216 4029 268 4066 uuo
284 4007 417 4085 eodemque
434 4013 552 4068 coenobio
568 4015 655 4068 uarios
672 4012 810 4070 ieiunandi
822 4012 1002 4090 psallendique
1024 4011 1112 4069 modos
1122 4012 1265 4083 debebant,

163 4093 232 4152 'aliis
245 4113 294 4172 per
316 4094 425 4152 biduum
452 4095 647 4166 ieiunantibus,
677 4099 741 4156 aliis
758 4117 806 4176 per
821 4097 1022 4170 hebdomadam,
1050 4101 1075 4154 et
1093 4096 1135 4154 bis
1159 4096 1266 4173 quidun

168 4179 205 4236 od
224 4198 371 4256 uesperam,
398 4179 453 4238 illis
481 4199 540 4238 uero
562 4181 594 4238 de
625 4181 713 4242 media
737 4189 809 4242 nocte
837 4203 926 4241 saccos
953 4183 1061 4258 bymaos
1089 4182 1265 4251 canentibus,-

167 4265 236 4338 quod
257 4265 343 4341 fiebat
366 4268 446 4324 ctiam
469 4268 505 4330 ‘ia
531 4272 687 4328 monasterio
712 4271 914 4331 Acoemdorum.
963 4265 1061 4326 subdit
1091 4265 1265 4344 Gregorius:
