2802 4686
397 283 455 349 DE
480 281 657 352 omens
682 283 742 351 GP.
765 273 851 354 GAP.
871 284 983 355 XVII.
1022 275 1026 281 ⁵
1188 283 1237 358 87

145 449 284 522 συνόδων
298 455 349 520 καὶ
366 459 426 522 τῶν
441 453 519 554 κατά
543 454 668 544 καιρούς
682 461 829 537 τοπικῶν,
855 453 899 525 ’ότι
914 457 948 524 δὲ
961 457 1011 522 καὶ
1030 455 1069 522 τά
1086 452 1237 545 προνόμια

147 560 198 625 καλ
211 556 309 643 ἔθιμα
328 563 382 643 τῆς
402 556 570 644 ἁγιωτάτης
584 557 718 645 μεγάλης
731 566 787 627 τού
801 566 880 626 θεοῦ
895 561 1061 644 ίκκλησίας.
1111 563 1234 648 προσέτι
1249 562 1273 617 Ρ
1292 564 1342 622 121

145 687 178 748 γε
192 660 257 746 μὴν
268 666 387 744 βεβαιῶ
405 663 457 728 καλ
480 662 594 749 στίργω
607 657 730 751 ’ὅσαπερ
745 660 947 748 ίδογμάτισαν
959 666 1010 729 κοιλ
1027 663 1191 730 ἐθίσπισαν
1207 666 1237 730 oi

145 763 224 830 κατὰ
244 761 357 842 τόπους
374 761 538 851 ἁγιώτατοι
556 765 682 854 πατέρες
703 762 791 850 ἡμῶν
812 765 917 854 ὀρθῶς
939 767 989 832 καλ
1008 773 1170 843 κανονικῶς
1184 769 1236 832 καὶ

118 863 365 951 ὄάνεπιλήπτως.
414 864 559 944 ὡσαύτως
573 864 775 952 ύπισχνσῦμαι
790 868 925 952 ἐμμένειν
938 870 989 934 καὶ
1003 871 1143 952 διηνεκῶς
1156 865 1236 958 eripi-

145 976 277 1038 οκεσθαι
292 968 399 1046 πιστός
412 973 463 1035 καὶ
482 966 603 1055 γνήσιος
622 973 731 1048 δοῦλος
745 973 796 1036 καλ
812 971 879 1048 υἱός
892 977 946 1055 τῆς
961 969 1049 1056 όιγίας
1061 972 1237 1056 ἐκκλησίας·

144 1071 223 1161 πρὸς
235 1069 355 1150 τούτοις
369 1069 443 1138 εἶναι
458 1075 508 1138 καὶ
526 1073 679 1162 δεφίνσωρ
696 1076 747 1140 καὶ
764 1074 922 1158 ἔκδικητὴς
941 1075 1036 1158 αὐτῆς
1040 1121 1052 1156 ,
1077 1077 1128 1138 καλ
1144 1078 1187 1152 εἰς
1200 1075 1234 1142 τό

142 1172 278 1259 ύπήκοον
292 1175 415 1260 εύμενὴς
431 1179 481 1242 καὶ
498 1174 717 1264 φιλάνθρωπος
736 1177 815 1242 κατά
836 1177 872 1242 τὸ
895 1173 973 1254 εἰκός
988 1203 1020 1242 τε
1040 1179 1091 1243 καί
1111 1177 1236 1264 πρίπον,

143 1281 196 1352 καὶ
211 1277 378 1363 σἰπέχεσθαι
393 1276 495 1366 φόνων
510 1281 561 1344 καὶ
576 1279 836 1369 άκρωτηριασμῶν
852 1281 902 1346 καί
917 1286 977 1347 τῶν
990 1276 1103 1363 ὁμοίων
1118 1279 1236 1358 τούτοις

101 1395 137 1448 1⁰
143 1379 224 1448 κατά
236 1382 272 1448 τό
287 1379 425 1462 δυνατόν,
450 1377 623 1448 κατανεύειν
635 1409 668 1449 τε
681 1388 723 1460 εἷς
735 1390 837 1450 πᾶσαν
852 1380 1064 1467 ἀλήθειανκαὶ
1080 1381 1236 1450 δικαιοσύ-

141 1510 208 1568 νην.
258 1488 309 1550 καὶ
329 1482 389 1552 ὅσα
410 1483 598 1567 άπεβάλοντο
623 1488 673 1550 καὶ
698 1481 920 1570 ἀνεθεμάτισαν
943 1486 972 1552 oi
997 1483 1077 1572 ἅγιοι
1100 1486 1235 1573 πατίρες,

143 1583 356 1672 άποβάλλομαι
370 1591 420 1652 καί
436 1588 649 1670 ἀναθεματίζειν
663 1591 714 1654 καλ
732 1587 838 1669 αύτός,
872 1591 924 1655 καὶ
941 1585 1073 1656 πιστεύω
1095 1585 1151 1675 ὅλη
1173 1614 1233 1670 μου
1250 1594 1273 1650 B

142 1687 247 1777 γνιόμη
275 1692 325 1756 καί
348 1697 435 1777 ψυχῇ
461 1693 512 1756 καί
538 1693 649 1781 καρδίᾳ
674 1697 718 1780 τῷ
743 1692 948 1780 προειρημένῳ
976 1688 1053 1780 όιγίρι
1077 1689 1236 1780 συμβόλῳ.

141 1798 241 1858 ταῦτα
262 1793 296 1856 δὲ
316 1788 417 1858 πάντα
437 1790 640 1876 ύπισχνούμαι
666 1790 826 1878 φυλάττειν
848 1792 974 1860 ἐντόπιον
992 1800 1048 1877 τῆς
1071 1791 1159 1877 ἁγίας
1179 1801 1234 1858 τοῦ

97 1909 133 1966 15
143 1899 223 1959 θεοῦ
242 1899 411 1977 καθολικῆς
435 1897 485 1960 καί
508 1895 708 1978 άποστολικῆς
728 1897 895 1980 ἐκκλησίας.
946 1897 1024 1962 κατὰ
1037 1901 1121 1980 μῆνα
1137 1893 1235 1978 τόνδε,

142 1999 188 2074 εἲς
199 1993 257 2072 τός
268 1990 378 2076 τόσας,
396 1999 428 2061 ἔν
441 1993 539 2088 ἡμίρρ
554 1999 605 2062 κοιλ
623 1999 783 2064 ίνδικτιῶνι
794 1999 883 2085 τῇδε,
901 2000 989 2064 τοῦδε
1001 2005 1056 2064 τοῦ
1069 1997 1181 2073 itanc?

240 2095 280 2165 Ὃ
293 2097 326 2164 δι’
338 2095 529 2186 προτάσσων,
549 2099 633 2164 τοῦτ’
650 2097 725 2166 oriri
737 2096 828 2165 πάλιν
840 2099 974 2183 antiperti
983 2100 1101 2184 τὴντῆς
1109 2099 1237 2177 πίστεως

143 2197 265 2268 ίκθεσιν
279 2198 462 2268 δποτάσσων
477 2198 602 2289 γράφει,
632 2201 727 2287 ἤγουν
740 2200 776 2268 τό
792 2199 808 2268 ό
826 2204 907 2268 δεῖνα
921 2204 953 2268 ἕν
968 2205 1097 2290 Χριστῷ
1111 2207 1155 2290 τῷ
1169 2208 1235 2290 θεῷ

142 2299 249 2382 πιστδς
260 2304 405 2386 βασιλεύς
419 2307 469 2370 καλ
484 2303 681 2391 αὐτοκράτωρ
694 2301 860 2388 Ῥωμαίων,
881 2302 902 2390 ἢ
915 2305 1059 2388 βασιλεύς
1068 2302 1236 2386 Ῥωμαίων,

99 2403 238 2498 ἳθοῖκείρ
255 2409 335 2496 χειρὶ
355 2404 509 2486 ὑποτάξας
526 2409 722 2492 παραδίδωμι
736 2414 780 2496 τῷ
793 2405 1010 2497 παναγιωτάτῳ
1024 2434 1085 2492 μου
1103 2403 1236 2494 δεσπότῃ

146 2512 196 2576 καὶ
218 2512 413 2600 οἳκουμενικῷ
433 2506 605 2600 πατριάρχη
625 2516 709 2602 πυρῷ
726 2556 792 2578 ....
813 2514 864 2577 καλ
887 2511 956 2595 μετ’
974 2510 1069 2578 αύτοῦ
1089 2512 1161 2604 θείρι
1183 2512 1235 2576 καλ

145 2613 211 2708 ἱερᾷ
222 2609 350 2704 συνόδῳ.

178 2807 182 2815 -
210 2774 229 2829 4
243 2771 395 2842 ἁγνότατον
407 2772 455 2828 καλ
470 2771 617 2828 θειότατον
631 2791 662 2828 τι.
676 2774 701 2828 Δ
768 2774 785 2830 ⁵
802 2773 945 2844 διηνεκῶς]
956 2773 1063 2830 additi
1080 2772 1127 2828 κοιλ
1140 2769 1233 2827 άνεπι-

211 2841 319 2910 trimos
386 2841 467 2897 9καλ
502 2850 543 2897 ost
559 2841 656 2911 φόνων
673 2843 753 2898 οιιιΒ
822 2839 954 2907 αύτοῖςΒ
1024 2837 1091 2914 19ἢ
1123 2841 1234 2905 conteis

209 2909 393 2982 ‘Popotht
412 2862 607 2982 antepiacnnsnn
622 2913 721 2969 nomini
737 2913 903 2984 inperatoris
918 2912 1070 2984 recipiendo
1085 2843 1129 2968 Ag

143 3059 211 3122 ptem
231 3050 451 3103 oecumenicarum
468 3049 626 3119 synodorum
667 3056 695 3106 et
709 3051 845 3121 localium,
870 3068 939 3120 quse
959 3057 1079 3121 tempore
1094 3067 1143 3105 suo
1160 3051 1231 3104 eele-

143 3123 233 3174 bratae
247 3132 323 3183 sunt;
339 3121 371 3172 ad
383 3118 450 3172 hoec
466 3118 545 3172 etiosa
561 3091 703 3191 priviiegia
717 3128 746 3175 et
761 3121 962 3176 consuetudines
979 3119 1159 3175 sanctissimae
1175 3136 1231 3172 rnn-

142 3207 209 3259 gnae
226 3189 269 3242 dei
287 3187 422 3242 ecclesiae.
463 3195 601 3258 praeterea
623 3191 748 3243 continno
769 3198 798 3244 et
821 3189 963 3260 nrnpleotor
983 3206 1154 3259 quaecunque
1175 3197 1232 3242 stn-

142 3267 248 3313 tuerunt
267 3267 293 3310 et
309 3257 468 3310 definierunt
483 3258 596 3312 diversis
611 3258 848 3314 locisssnctissinni
861 3259 953 3329 'petras
970 3259 1053 3312 nostri
1070 3266 1158 3326 recte,
1186 3275 1232 3310 ca-

140 3327 234 3382 nonice
258 3335 286 3380 et
309 3326 451 3396 inculpate.
488 3327 607 3381 similiter
623 3330 746 3398 promitto
763 3346 805 3382 me
821 3345 869 3398 per
888 3336 948 3381 etno
964 3343 1111 3381 mansurum
1127 3325 1232 3380 fidelem

140 3414 244 3450 servum
255 3403 283 3449 et
291 3395 431 3464 genuinum
448 3395 528 3448 filiurn
544 3403 653 3451 arnaco
668 3395 809 3461 ecciesia03
827 3397 860 3450 sd
907 3415 938 3451 eo
955 3397 1118 3450 defensorem
1131 3402 1159 3452 ct
1170 3397 1231 3448 vin-

140 3467 222 3518 dicem
241 3465 307 3530 cins,
325 3466 475 3518 clementem
490 3465 599 3536 insuper
614 3467 728 3520 intutum
745 3473 774 3520 et
789 3466 924 3519 humanum
942 3483 1005 3534 erge
1019 3464 1146 3530 subditos,
1164 3481 1231 3534 qua-

138 3544 215 3590 tenns
239 3533 359 3603 aequitas
384 3541 411 3586 et
432 3535 552 3589 decentis
574 3534 602 3588 id
624 3534 722 3588 sinent.
757 3533 894 3588 abstinebo
920 3534 997 3588 etiam
1021 3552 1038 3586 a
1061 3533 1185 3587 caedibus
1204 3543 1232 3588 et

139 3603 345 3670 mutuationibus
362 3602 431 3660 etii
449 3619 532 3672 genus
548 3603 617 3673 aiiis,
635 3611 759 3672 qnantum
775 3603 835 3658 fieri
848 3603 965 3673 poterit3
990 3602 1141 3673 omnemque
1157 3604 1230 3656 veri-

139 3681 218 3727 trtern
237 3678 264 3726 et
279 3671 407 3726 iustitiam
422 3688 533 3740 sequer3
558 3680 586 3726 et
608 3675 781 3743 quaecunque
794 3673 965 3742 repudiarunt
981 3680 1010 3726 ct
1025 3672 1230 3728 anathematiza-

139 3749 200 3796 runt
216 3742 302 3796 emoti
318 3749 415 3809 patres,
433 3740 492 3862 ipsa
508 3741 585 3796 etiam
602 3743 713 3812 repudio
728 3747 756 3796 ot
772 3740 972 3810 anathematizo,
989 3747 1017 3795 et
1029 3740 1159 3795 assentior
1173 3749 1231 3796 tota

139 3821 226 3866 mente
236 3812 329 3876 ,anima
345 3818 373 3865 et
389 3827 435 3862 cor
454 3827 541 3864 oneo
558 3811 709 3881 supradicto
732 3819 823 3864 sancto
840 3810 966 3878 symbolo.
1002 3811 1068 3864 haec
1085 3811 1170 3864 omnin
1189 3829 1231 3864 mc

139 3880 327 3934 custoditurum
350 3879 475 3948 promitto
499 3896 586 3933 coram
602 3889 694 3936 sancta
709 3880 755 3934 dei
770 3880 897 3936 catholica
917 3875 1055 3935 ecclesia.”
1090 3896 1177 3933 mense
1192 3879 1237 3947 N,-

138 3949 182 4003 die
197 3956 226 4003 et
242 3948 386 4002 indictione
401 3948 438 4014 N,
457 3965 524 4002 anno
542 3949 578 4000 N.
759 4009 763 4016 .

205 4019 238 4074 ld
255 4035 319 4071 vero
337 4016 407 4085 quod
423 4016 499 4071 initio
517 4017 697 4088 praescripsit,
713 4033 805 4072 rursm
822 4018 908 4072 iactae
922 4018 983 4071 iidei
995 4013 1154 4086 professioni
1164 4015 1227 4066 snb-

139 4087 245 4153 soribit3
261 4086 326 4141 iliud
342 4085 460 4139 nimirum
475 4081 529 4140 “N.
547 4087 575 4140 in
593 4087 700 4140 Christo
717 4087 767 4140 deo
784 4097 873 4141 nostro
888 4085 974 4139 fidelis
989 4087 1162 4140 Romanorum
1177 4081 1226 4134 im·

138 4163 258 4225 perator,
283 4155 327 4210 vel
341 4173 389 4208 rex
405 4155 595 4224 Romanorum,
617 4156 725 4225 propria
741 4173 817 4212 mano
834 4154 992 4224 subscripsi,
1016 4153 1144 4218 natoque
1166 4168 1227 4204 san·
1260 4183 1263 4194 ·

138 4225 253 4280 ctissimo
278 4243 335 4280 mco
359 4224 464 4278 donnino
487 4231 515 4278 et
529 4226 696 4282 oecumenico
713 4224 879 4296 patriarchae
894 4224 998 4280 donnino
1014 4223 1051 4276 N.
1071 4226 1099 4272 et
1112 4227 1228 4288 canosa,

138 4311 206 4363 quoe
222 4312 278 4351 onos
295 4295 353 4366 ipso
371 4303 421 4364 eat,
440 4289 571 4364 synodo?
