2802 4686
485 279 551 348 *ln
570 283 719 352 CODINI
739 285 822 352 CAP.
847 284 875 352 1.
929 317 930 324 ν
1167 287 1237 360 119

148 443 223 502 loco:
250 444 373 522 alioquin
398 443 511 506 Iuniani
528 451 659 508 cotocoeli
684 463 786 510 nomen
809 452 881 510 tueri
900 467 957 510 non
979 455 1144 532 potuissent.
1185 471 1237 514 nec

147 525 243 607 plures
265 529 295 587 in
321 537 402 588 tanto
425 531 536 592 civitate
556 535 670 612 parochi
689 543 770 596 erant
785 556 873 613 quam
893 539 1014 616 quinque
1034 545 1084 597 aut
1099 559 1237 599 summum

147 627 209 672 sex:
225 633 326 672 nomen
341 616 414 674 enim
427 619 555 676 cutncodr‘
564 639 630 698 seu,
645 627 678 680 ut
689 639 741 680 nos
754 622 912 700 scribimus,
925 625 1101 683 crocatucocli
1114 626 1236 704 quinque

146 699 189 758 rel
198 718 246 758 sex
261 702 399 763 duntaxat
409 701 581 762 obtinebant.
1021 707 1023 712 ’
1234 701 1236 708 ’

154 805 156 812 “
227 783 287 843 Nee
307 787 396 863 magis
419 789 574 848 verisimilia
597 790 634 846 de
650 789 713 847 istis
743 791 861 867 apponit
890 789 971 849 nobis
999 790 1100 850 Petrus
1124 791 1234 872 Grego-

144 869 199 926 rius
218 870 377 929 Tolosanus
402 873 547 952 syntagm.
568 875 687 932 universi
706 873 777 932 Iuris
799 876 838 937 15
860 879 896 952 9,
919 877 967 933 ubi
994 878 1097 937 dicita
1120 878 1234 938 Graecis

143 955 234 1012 vocari
271 957 390 1014 eviratior
429 958 577 1036 episcopos
615 953 780 1037 nonnullos,
817 959 885 1017 nulli
918 961 1132 1040 metropolitano
1167 965 1234 1023 suh·

141 1039 246 1117 iectos,
271 1041 432 1118 patriarchis
459 1044 604 1103 familiares
632 1052 661 1103 et
684 1046 889 1120 suffraganeos
905 1064 1068 1125 semperque
1093 1052 1234 1123 astantes;

143 1126 239 1201 quales
267 1128 397 1186 describit
419 1129 582 1188 Wilhelmus
603 1129 705 1206 Tyrius
726 1129 801 1203 seui
829 1129 900 1188 sacri
929 1134 968 1194 14
992 1134 1048 1209 12,
1076 1131 1146 1209 quos
1175 1133 1235 1212 ipse

145 1207 249 1288 Tyrius
265 1212 332 1270 dicit
347 1232 365 1270 a
388 1212 501 1272 Graccis
519 1213 653 1292 appellari
673 1217 808 1274 cancellos.
851 1214 952 1273 Petrus
973 1215 1126 1294 Gregorius
1142 1221 1234 1298 suspi-

143 1302 223 1354 catur
242 1297 356 1355 subesse
374 1299 519 1358 mendum:
550 1302 645 1357 forsan
666 1301 739 1358 enim
763 1299 874 1379 scripsit
899 1298 927 1361 T
927 1300 1002 1377 yrias
1030 1302 1175 1381 catacelor,
1201 1310 1234 1363 ut

144 1387 235 1440 rectus
246 1383 283 1442 sit
297 1376 473 1462 κοτᾶνηλος.
500 1381 695 1462 κοτάκηλοιο
715 1385 900 1464 κατακηλέω,
920 1386 996 1463 quod
1015 1393 1060 1445 est
1078 1389 1233 1466 permulceo,

143 1471 278 1527 inaurato
292 1471 408 1530 aaaron
419 1469 526 1531 delirio:
559 1471 623 1529 hinc
637 1467 870 1550 κατοκηληττκός
882 1473 936 1528 vim
953 1471 1115 1532 demulcendi
1127 1472 1232 1533 habens.

144 1559 173 1608 et
194 1571 242 1609 cur
263 1571 321 1610 non
336 1553 401 1611 hinc
424 1555 521 1614 itidem
541 1550 727 1634 οατὰνηλοςὲ
753 1556 821 1614 illud
850 1557 967 1614 alterum
987 1557 1106 1616 eoirellor
1129 1557 1232 1618 format

144 1635 242 1696 Petrus
266 1637 418 1714 Gregorius
439 1637 574 1720 accolaci
600 1634 758 1720 ου’κήλουςτ
782 1641 836 1698 hoc
856 1641 930 1698 enim
946 1643 1056 1700 nomine
1074 1639 1233 1719 significant

146 1721 243 1782 Graeci
255 1729 355 1781 stantes
364 1728 420 1782 sino
432 1731 517 1800 motu,
535 1729 651 1800 quietos5
679 1725 742 1782 hinc
763 1725 839 1802 apud
856 1725 1011 1784 Hesiodum
1025 1721 1135 1799 πόντος
1148 1722 1231 1806 olari-

147 1803 372 1884 pacatiano.
413 1808 464 1865 sed
478 1809 548 1865 haec
560 1809 628 1866 nihil
642 1810 679 1865 ad
692 1808 898 1868 exocatacoelos
912 1815 1023 1867 nostros
1039 1811 1157 1888 faciunt,
1171 1813 1230 1872 sive

146 1891 189 1948 isi
201 1892 330 1950 euiccllia
346 1890 379 1948 P.
395 1891 531 1966 Gregorio
546 1893 622 1950 allati
636 1893 785 1970 aliquando
797 1895 826 1952 in
844 1912 936 1952 rerum
953 1901 1054 1954 natura
1065 1897 1231 1973 exstiterint,

145 1976 201 2034 sive
213 1995 248 2034 er
260 1975 375 2034 cerebro
384 1977 472 2032 eximii
488 1976 558 2034 illius
570 1978 748 2036 iureconsulti
766 1979 897 2056 prognati
914 1980 1032 2055 fuerint,
1052 1985 1086 2037 ut
1102 1999 1156 2054 ego
1170 1983 1231 2057 qui-

145 2061 206 2121 dem
224 2060 364 2120 existimo:
389 2061 538 2138 legendum
562 2063 635 2120 enim
655 2064 732 2138 apud
752 2061 870 2138 Tyrium
891 2063 1030 2139 cancellos,
1050 2064 1078 2119 id
1101 2071 1145 2120 est
1163 2083 1231 2140 syn-

144 2146 241 2223 cellos,
254 2145 378 2204 eiusdem
392 2147 475 2204 cellae
495 2147 585 2204 socios
602 2153 632 2204 et
650 2147 829 2206 habitatores.
870 2153 901 2204 ct
922 2165 1028 2224 nupera
1045 2147 1130 2204 editio
1152 2147 1232 2224 Tyrii

143 2229 278 2306 syncellos
298 2231 424 2308 exhibet,
444 2233 556 2289 tametsi
575 2232 651 2309 prior
671 2232 719 2290 illa
734 2232 815 2290 lectio
835 2231 979 2290 melioret
1000 2233 1151 2309 scripturae
1171 2234 1232 2291 vul-

143 2319 224 2391 gatae
245 2316 359 2394 propior
377 2317 421 2373 sit.
450 2318 524 2374 adde
551 2317 687 2374 concellos
710 2318 780 2375 istos
813 2317 898 2373 fuisse
923 2318 1086 2394 episcopos,
1118 2319 1231 2376 tametsi

142 2401 347 2480 suffraganeos,
365 2406 397 2460 nt
417 2399 521 2477 Tyrius
538 2401 669 2479 appellat.
710 2407 740 2458 ot
756 2400 938 2459 exocatacoeli
961 2403 1050 2459 nostri
1066 2419 1125 2461 non
1148 2410 1231 2461 erant

144 2487 263 2564 episcopi
275 2487 325 2544 sed
338 2485 534 2561 patriarchales
554 2487 670 2546 diaconi.
694 2485 804 2545 valeant
824 2505 892 2563 ergo
910 2487 956 2543 isti
982 2487 1093 2564 euicelli,
1111 2488 1229 2546 antehac

141 2571 272 2647 inauditi,
293 2571 452 2650 Tyriusque
470 2591 537 2632 suos
554 2572 679 2632 rocetos
699 2578 729 2632 et
750 2570 876 2632 eodinus
889 2589 956 2631 snos
975 2573 1165 2632 csocutccorlor
1186 2575 1264 2634 reP
1284 2576 1334 2634 155

139 2657 234 2717 lineat.

222 2741 325 2802 Nescio
342 2759 380 2800 an
408 2741 525 2800 audeam
550 2757 707 2820 proponere
735 2739 920 2798 coniecturam
947 2757 1053 2816 meam,
1077 2757 1160 2817 quam
1180 2739 1228 2799 diu

141 2827 194 2885 iam
209 2845 318 2906 premo:
347 2827 398 2885 sed
418 2832 576 2906 promatur,
600 2825 825 2903 quandoquidem
845 2825 946 2882 nullius
968 2825 1090 2903 periculo
1118 2839 1228 2903 promes

142 2921 194 2970 tur.
250 2913 319 2988 quid
336 2913 380 2969 *si
418 2913 500 2970 unica
540 2909 650 2970 liternla
683 2915 792 2971 mutata
820 2909 945 2986 legamus
981 2905 1229 2996 ἒξςτοντοιτάνοιτοτῑ1

142 3001 188 3074 qni
196 2996 268 3075 sotir
284 2997 431 3070 dorminut,
452 3000 501 3075 put
510 2995 579 3075 soris
598 2997 711 3069 cubant,
733 3013 793 3053 non
811 2995 842 3052 in
859 2995 1045 3072 patriarchen:
1067 2995 1132 3056 olim
1150 3013 1229 3054 nam-

142 3101 194 3158 que
216 3081 342 3161 proprias
367 3081 495 3140 ecclesias
523 3080 769 3155 administrabant,
799 3085 830 3138 et
851 3081 891 3138 sic
915 3097 967 3139 sua
990 3079 1127 3138 domicilia
1150 3086 1230 3138 extra

140 3185 257 3242 magnae
281 3165 410 3226 ecclesiae
430 3167 530 3224 limites
556 3165 730 3242 incolebant,
757 3165 788 3220 in
814 3165 903 3243 iisque
932 3165 1053 3242 quietem
1073 3165 1228 3243 capiebant.

139 3253 242 3312 Canon
252 3249 402 3310 Trullanus
420 3249 460 3314 46
476 3251 512 3308 de
533 3250 713 3310 monialibus:
731 3253 882 3322 παντελῶς
897 3247 930 3310 δὲ
943 3245 1049 3321 adroic
1061 3249 1227 3324 ἒξωκοιτεῖν

139 3330 196 3400 οὔκ
212 3335 312 3409 ἔξεστι.
354 3336 403 3392 ubi
415 3336 540 3396 Zonaras
553 3336 680 3394 Graecus
693 3335 843 3410 interpres:
861 3332 912 3396 aod
932 3331 1007 3412 μηδὲ
1021 3333 1076 3406 ἔξω
1094 3337 1149 3411 τῆς
1169 3357 1224 3412 μο-

138 3426 195 3500 νῆς
207 3416 265 3500 τήν
285 3415 380 3482 νύκτα
394 3416 520 3502 διάγειν·
538 3425 625 3482 τοῦτο
640 3415 744 3500 γὰρτὸ
763 3419 937 3492 limonario.
980 3417 1147 3496 probabilior
1159 3419 1223 3476 red-

139 3507 251 3564 deretur
263 3505 435 3582 conicctura,
451 3507 475 3563 si
488 3505 726 3579 ἒξωνατακοττεῖν
739 3502 885 3580 legeretur.
914 3520 1009 3562 verum
1022 3504 1099 3580 prior
1112 3521 1223 3580 quoqne

137 3591 218 3650 lectio
235 3591 385 3668 suspicioni
402 3597 515 3648 nostrae
538 3589 642 3667 aliquid
660 3589 901 3648 verisimilitudinis
922 3588 1064 3662 conciliat3
1084 3588 1223 3666 longeque

137 3676 199 3754 plus
209 3677 361 3734 fulcimenti
371 3677 463 3734 adhuc
474 3677 632 3751 accederet,
653 3676 678 3732 si
690 3674 787 3750 aliquis
805 3693 847 3730 ms
869 3673 956 3732 codex
973 3673 1223 3747 ἐξωνοτακοίτοος
1274 3721 1278 3726 -

135 3759 215 3821 nobis
228 3767 458 3839 repraesentaret.
498 3763 575 3840 apud
586 3759 714 3818 Nicetam
726 3761 756 3816 in
770 3760 828 3819 vita
837 3758 941 3835 Ignatii
951 3755 1013 3834 lege
1030 3756 1118 3819 Λέων
1137 3757 1222 3821 daa-

136 3841 282 3925 λούμενος
299 3847 491 3918 marotiae:
513 3847 563 3904 sed
584 3845 651 3903 nihil
667 3846 712 3902 hic
730 3844 770 3902 ad
787 3844 941 3902 rhombum.
976 3849 1101 3920 tempore
1117 3842 1221 3902 Leonis

135 3930 276 4008 Armenii,
289 3938 318 3989 et
335 3937 405 3990 ante
413 3931 524 4009 itidem,
545 3929 633 3988 clerici
645 3929 761 4008 palatini
778 3949 836 3988 non
856 3931 885 3988 in
904 3928 1008 4008 palatio
1031 3932 1082 3987 sed
1105 3928 1173 3986 foris
1190 3930 1220 3986 in

135 4017 249 4091 privatis
271 4017 387 4075 aedibus
405 4016 664 4090 commorabantur,
687 4021 717 4073 et
735 4016 818 4074 tertia
840 4015 947 4074 circiter
965 4013 1058 4089 vigilia
1075 4013 1165 4070 noctis
1182 4015 1219 4069 ad

133 4099 347 4179 Elephantinam
357 4101 496 4181 (portam)
510 4100 760 4177 congregabantur,
773 4101 892 4176 indeque
906 4101 943 4157 ad
954 4099 1095 4156 ecclesiam
1106 4096 1221 4176 abibant

133 4191 163 4242 et
177 4187 328 4244 matutinas
344 4207 440 4264 preces
455 4185 736 4264 deopersolvebant,
756 4192 790 4244 ut
800 4186 897 4243 scribit
914 4185 1032 4240 loannes
1050 4180 1221 4257 curopalate

133 4270 162 4327 in
181 4269 277 4331 Leone
297 4272 437 4334 Armenio.
471 4277 572 4354 postea
593 4272 622 4330 in
644 4271 709 4330 arula
729 4289 780 4329 seu
798 4271 877 4348 regia
895 4269 1072 4342 habitarunt,
1093 4283 1127 4364 eo
1144 4268 1221 4342 quod
