2822 4684
482 244 549 314 -flt
574 242 721 316 contat
747 247 832 317 GdP.
852 245 900 319 11.
1173 245 1245 322 '185

153 411 302 491 singulares
322 417 349 472 et
362 414 505 492 primarios
527 417 615 490 meos,
633 417 764 496 patricios
781 419 951 477 senatoreret
975 409 1137 476 Consulares.
1165 433 1248 476 cursa

153 519 217 559 uero
229 502 310 576 uirgo
329 503 383 584 est,
405 518 485 578 ηνιινι
507 499 622 560 monos
637 501 803 564 douorluoou
823 501 959 582 appellat,
979 501 1149 579 inferioribus
1168 505 1250 562 etiarn

155 583 289 644 ordinibru
302 603 421 644 ινιιιιιια
431 584 533 646 honoris
548 605 627 662 ergo,
650 585 729 664 idque
742 606 775 646 aa
788 585 873 646 eodem
893 583 1045 644 cassiodori
1058 587 1113 646 loco
1127 587 1250 664 colligere
1317 590 1319 598 “

154 675 202 728 ost.
225 668 319 748 plures
331 667 484 743 aliquando
497 675 579 730 erant
594 669 679 749 Cpoli
691 669 744 730 hac
761 671 902 748 dignitate
917 670 1067 750 conspicui
1088 673 1251 731 Cedrenus:

155 749 227 834 perol
241 751 276 816 ot
288 750 341 816 τὸν
353 748 492 816 θάνατον
505 747 720 818 Ἰσνσιινισινοῦ
731 752 892 835 ἐκράτησεν
904 751 923 817 o‘
934 749 1061 830 ἄνεφιὸς
1071 751 1166 818 occisori
1180 751 1252 819 'loo-

154 843 257 914 στῖνος
278 836 297 901 o‘
321 833 383 902 elno*
407 834 649 917 uouoouatu'rosv.
680 845 711 899 et
738 843 817 919 apud
831 837 971 903 ‘leonem
998 840 1198 921 Coropalatom
1224 842 1254 900 in

154 923 262 984 isaacio
276 924 438 986 Comneno:
457 917 601 1004 Ἰωάννην
612 921 644 986 di
657 921 712 989 riu
726 920 859 1004 teotolo
878 923 930 988 uel
944 929 973 986 Κ
975 922 1131 987 ermoldo
1140 922 1191 988 ιὸν
1205 949 1255 989 ue-

154 1007 308 1088 ιιιινμένον
328 1005 564 1090 Κονροπιιλσὶιιις
588 1009 639 1071 καὶ
657 1003 839 1090 ἀμφοτέροις
861 1014 943 1095 τιμᾷ.
962 1029 1018 1070 nec
1035 1010 1178 1090 cpolitani
1191 1015 1255 1070 tan-

155 1099 235 1172 tum,
257 1094 309 1152 sed
323 1099 353 1152 et
366 1096 453 1154 exteri
465 1095 518 1155 hac
531 1096 677 1173 ⁴dignitate
695 1095 935 1173 honestabatur,
955 1095 1074 1154 manme
1093 1095 1204 1174 Iberes,
1222 1101 1257 1154 ut

154 1185 269 1326 constal}
282 1197 317 1239 cx
336 1179 525 1242 Constantino
538 1181 708 1264 imperatore
725 1181 773 1244 lib.
798 1182 834 1242 de
850 1181 1072 1242 administrando
1093 1179 1214 1262 Imperio
1232 1201 1256 1241 c

153 1262 197 1331 45
208 1271 239 1323 et
270 1267 299 1328 6.
600 1309 604 1318 ,

232 1348 421 1430 .Gpolitanum
439 1350 576 1429 palatium
596 1350 638 1410 ita
658 1349 789 1410 describit
810 1348 1005 1430 Luitprandus
1025 1347 1181 1410 Ticinensis
1201 1347 1256 1414 t5

154 1447 248 1492 rerum
258 1454 308 1513 per
320 1433 464 1514 Europam
476 1443 633 1514 gestarum:
656 1435 824 1516 spolitanum
838 1436 972 1514 palatium
994 1455 1045 1495 reon
1057 1433 1256 1514 pulchritudine

156 1519 240 1580 solum
259 1539 349 1580 ouum
363 1525 442 1582 etiam
454 1522 619 1600 fortitudine
638 1525 770 1594 mnibus,
793 1541 860 1600 quos
878 1540 1000 1600 coquam*
1016 1521 1143 1594 minim,
1165 1521 1257 1578 muni-

101 1655 106 1666 .
156 1605 272 1664 tionibus
283 1611 422 1686 praestat,·
443 1608 514 1685 quod
537 1611 618 1666 eham
640 1609 702 1682 iugi
719 1607 833 1666 militurn
848 1609 989 1683 stipatione
1008 1626 1058 1664 non
1082 1609 1190 1666 minimo
1212 1605 1256 1661 ob·

157 1693 288 1748 maome.
308 1694 494 1768 medellaque
515 1697 540 1751 et
559 1691 606 1750 hoc
625 1697 686 1768 port
707 1693 868 1750 mutuarum
888 1691 1035 1749 diloculum
1056 1708 1116 1748 onor
1139 1689 1257 1750 omnibu

155 1779 263 1852 potere,
277 1781 338 1850 post
351 1778 458 1832 tertiam
470 1793 533 1834 uero
550 1774 605 1836 diei
618 1775 724 1848 horum,
745 1777 845 1833 emisch
860 1775 974 1832 omnibus
989 1773 1052 1833 doto
1068 1779 1164 1849 signo,
1188 1773 1258 1850 quod

158 1865 198 1917 est
213 1857 312 1935 MlS,
332 1877 415 1936 usquc
429 1861 460 1918 in
471 1859 562 1918 horcon
574 1878 669 1918 nouom
689 1863 790 1919 cunctis
806 1859 910 1917 aditum
928 1858 1073 1936 prohibere.
1095 1859 1153 1917 Sed
1176 1853 1276 1933 qualex

158 1942 213 2001 hoc
222 1942 334 2019 signum
349 1942 455 2002 MISl
474 1962 513 2002 an
526 1943 666 2003 merovei
676 1945 787 2004 miano?
808 1945 885 2018 quod
898 1949 943 2002 est
955 1943 1047 2002 ilicet?
1060 1949 1091 2002 at
1104 1943 1173 2018 quid
1190 1944 1260 2000 haec

157 2025 264 2088 Latina
277 2027 354 2106 apud
364 2028 511 2087 Graecos?
530 2047 568 2088 an
578 2029 666 2100 misal
679 2049 745 2087 nam
755 2029 954 2108 posterioribus
965 2028 1080 2088 Graecis
1092 2029 1163 2088 haec
1175 2027 1260 2087 dictio

158 2117 297 2190 usurpata
310 2113 372 2173 fuit.
391 2111 619 2174 videllleursium
633 2131 659 2173 v.
675 2114 773 2174 Mica.

229 2223 289 2278 Vox
318 2226 346 2280 in
382 2229 520 2282 Graeciam
549 2227 632 2283 serius
667 2227 787 2293 inrecta,
817 2243 833 2280 a
869 2226 968 2280 Latinis
1004 2226 1110 2294 primum
1141 2224 1261 2287 inventa,

161 2311 228 2348 euro
249 2297 366 2362 palatii,
394 2315 448 2366 qua
477 2298 500 2351 is
531 2297 696 2364 magistratus
719 2297 869 2365 intelligitur
899 2297 942 2366 qui
965 2297 1063 2365 palatii
1093 2309 1182 2348 cornus
1207 2293 1262 2365 agit

162 2372 190 2416 et
212 2371 316 2416 curator
343 2367 443 2432 palatii
466 2374 628 2436 nuncupatur
649 2366 676 2418 io
707 2367 834 2424 nonnullis
856 2366 1009 2420 editionibus
1032 2365 1090 2418 cod.
1109 2363 1211 2417 Theod.
1231 2363 1266 2414 de

163 2430 259 2486 Comit.
282 2439 309 2484 et
332 2433 409 2489 Trio.
435 2437 554 2489 Scholar.
579 2435 598 2488 l.
622 2436 648 2490 6.
675 2435 831 2503 eundemque
854 2453 914 2488 reor
943 2451 1017 2504 quem
1040 2435 1213 2501 Theophanes
1235 2432 1263 2484 in

162 2499 290 2554 Mauricio
308 2502 421 2556 celebrat
436 2501 603 2573 uooooieorou
620 2503 676 2558 τῶν
695 2503 841 2574 βασιλικῶν
857 2505 952 2570 elisur,
970 2505 1004 2558 ad
1024 2504 1095 2556 euius
1113 2500 1264 2569 dignitatem

163 2577 193 2624 ut
215 2571 398 2640 imperatoriae
420 2573 560 2641 proximam
584 2589 695 2625 summos
712 2573 783 2626 viros
801 2575 843 2626 vel
861 2575 988 2643 aspirasse
1004 2573 1046 2627 vel
1063 2579 1166 2624 evectos
1183 2571 1265 2622 luisse

164 2646 305 2692 memorant
326 2641 456 2695 historiae.
491 2641 625 2695 Iustiniani
647 2658 726 2708 nepos
742 2641 855 2694 lustinus
872 2637 1101 2707 cooperatione,
1121 2641 1159 2690 ita
1176 2638 1265 2690 scribit

163 2707 352 2777 Theophanes,
371 2728 402 2764 eo
419 2712 595 2781 curapalatii
607 2711 698 2778 (dictio
718 2711 866 2764 Marcellino
887 2711 1005 2780 propria)
1024 2709 1169 2762 conscendit
1183 2708 1265 2775 impe-

163 2777 237 2830 rium.
273 2778 328 2831 Leo
351 2785 512 2850 nuncupatus
534 2781 637 2834 Isauros
661 2780 831 2834 Artabasduro
849 2779 910 2833 data
926 2781 952 2832 in
970 2779 1101 2846 coniugem
1118 2777 1173 2830 filia
1187 2793 1264 2828 curo-

163 2845 274 2916 palatem
292 2847 367 2912 lecit,
385 2850 521 2904 excedam
537 2849 710 2918 Theophane,
727 2849 771 2918 qui
784 2849 937 2903 Mauricium
956 2865 1057 2918 quoque
1074 2851 1191 2916 nepotem
1208 2845 1263 2896 Do-

164 2914 308 2968 mentiolum
325 2934 356 2970 eo
379 2918 455 2971 titulo
479 2920 562 2972 reiert
577 2917 688 2973 auxisse.
724 2917 791 2970 hunc
806 2919 927 2971 honorem
944 2915 1101 2972 Deruentiolo
1114 2915 1187 2966 fratri
1202 2931 1263 2964 con-

164 2981 224 3036 tulit
243 2985 359 3050 Phocas,
381 2993 413 3040 ot
438 2988 571 3042 cedrenus
595 2987 699 3040 in‘eius
723 2987 792 3052 vita,
817 2993 845 3039 et
866 2989 963 3057 pariter
987 3001 1106 3054 germano
1124 2982 1261 3036 Theodoro

164 3052 314 3118 Heraclius,
340 3059 370 3108 ut
385 3056 546 3127 Nicephorue
562 3055 589 3109 in
606 3055 747 3110 Breviorio.
782 3054 893 3110 Michael
911 3058 941 3109 S.
967 3053 1062 3124 Ignatii
1077 3058 1152 3123 pater
1169 3069 1200 3103 ex
1217 3067 1263 3102 cu·

165 3121 284 3190 ropalate
301 3125 388 3177 factm
404 3133 444 3178 est
458 3127 607 3195 imperator.
632 3125 733 3178 Bardas
749 3125 850 3194 Ignatio
866 3125 997 3191 intensus,
1015 3139 1133 3179 summam
1151 3120 1263 3173 ambiens

165 3196 337 3260 potestatem,
357 3194 517 3264 europalates
535 3195 657 3266 primum,
681 3201 736 3247 tum
759 3197 859 3248 Caesar
875 3199 915 3248 est
931 3195 1067 3248 salutatus.
1101 3191 1134 3242 de
1151 3190 1206 3244 eius
1222 3189 1264 3241 in-

166 3257 279 3326 signibus
296 3268 324 3313 et
339 3261 482 3316 ministeriis
502 3280 548 3318 suo
571 3261 641 3315 loco:
664 3263 740 3332 pluro
763 3267 792 3316 et
815 3263 918 3317 diversa
942 3263 1055 3331 reperies
1081 3259 1149 3328 apud
1174 3259 1264 3312 Meur-

166 3327 249 3392 sium,
274 3329 442 3396 Gretserum,
462 3331 647 3400 Bulengerum‚
673 3331 812 3384 Fabrotum
829 3333 856 3384 in
875 3331 985 3384 cedreni
1004 3327 1155 3390 Glossema,
1170 3329 1266 3396 Demp-

166 3404 262 3450 sterum
280 3397 314 3451 de
330 3401 417 3469 Antiq.
435 3401 513 3455 Rom.
532 3404 546 3456 1
564 3401 596 3477 4,
622 3399 746 3454 Severum
771 3400 798 3453 in
816 3400 915 3455 Sidonii
932 3398 1086 3470 Apollinaris
1104 3413 1204 3450 carmen
1221 3397 1265 3450 23.

174 3499 177 3504 ’
251 3505 280 3566 Ρ·
296 3489 356 3562 97·
372 3493 421 3554 13.
455 3481 761 3572 ὄπσιρσιιιοιμῶμενος
784 3491 839 3567 τῆς
868 3482 1047 3568 σφενδόνης]
1068 3485 1164 3566 lunius
1184 3507 1267 3546 occu·

166 3573 236 3634 oua
244 3573 358 3651 fundae.
378 3575 407 3632 io
418 3575 544 3654 catalogo
555 3575 627 3634 Iuris
638 3573 882 3633 GraecoRomani
896 3573 915 3637 ὅ
929 3567 1199 3654 παρακοιμιόμενος
1213 3575 1268 3650 της

168 3652 297 3739 μεγάλης
316 3655 502 3740 σφενδόνηςι
523 3661 662 3740 interpres
680 3661 814 3720 accubitor
835 3677 948 3736 magnae
958 3659 1049 3737 polae.
1071 3678 1125 3735 ego
1141 3658 1270 3717 versione

167 3761 231 3802 meo
243 3763 302 3804 rem
315 3745 407 3823 ipsam
418 3747 555 3825 explicare
566 3745 672 3822 studui,
685 3763 749 3804 eum
762 3744 830 3803 nihil
842 3750 978 3823 suppetat
989 3745 1065 3820 quod
1080 3745 1188 3802 Graeca
1202 3747 1270 3820 apte

168 3829 313 3908 exprimat.
333 3849 399 3890 nem
415 3827 683 3912 παρσιιοιμῶμενος
696 3831 751 3888 iste
766 3837 829 3890 eret
848 3829 973 3908 sigillifer
990 3849 1041 3888 seu
1059 3835 1154 3911 custos
1174 3825 1270 3887 annuli

166 3915 353 3995 imperatorii,
388 3937 445 3993 quo
473 3918 570 3977 literae
595 3915 832 3994 obsignabantur3
861 3917 909 3992 qui
938 3915 1058 3974 annulus
1084 3933 1135 3994 per
1150 3918 1269 3992 partem

168 4019 264 4078 suam,
296 4020 398 4080 nempe
424 4020 475 4082 per
495 3994 668 4081 σφενδόνην
694 4021 746 4060 seu
765 4003 874 4081 pdam,
900 4001 1084 4080 significatur:
1105 4017 1171 4079 pars
1195 3999 1270 4055 enim

168 4085 238 4146 haec
257 4088 534 4167 ercongotam,
557 4087 645 4146 etsie
660 4086 768 4162 loquar.

237 4185 352 4238 Annales
384 4185 538 4254 signatorios
571 4179 637 4236 sive¹
653 4183 736 4250 sigilla
759 4183 785 4234 in
814 4182 913 4237 antiolis
939 4179 1023 4236 adbuc
1048 4175 1183 4248 postremis
1208 4192 1268 4228 sae-

169 4252 234 4308 culis
252 4253 418 4326 imperetores
435 4264 552 4324 gestasse
575 4251 688 4307 declarat
712 4251 821 4308 Nicetes
844 4260 898 4306 tum
915 4251 940 4304 io
959 4251 1053 4303 Ioanne
1065 4247 1194 4302 comneno
1213 4252 1268 4299 sta-
