2798 4690
489 322 535 390 nv
556 314 704 390 conum
725 322 809 394 can
833 321 893 392 vr.
1111 421 1113 425 s
1168 321 1242 395 aas

140 485 212 540 dame
231 483 294 551 eiua,
311 473 421 556 inquam.
438 483 531 540 nomini
548 471 657 556 primum
673 488 701 538 et
712 483 878 556 praecipuum
894 482 994 557 imperii
1009 475 1163 540 flammulam
1178 501 1258 568 corr·⁴

54 599 57 606 .
138 560 266 610 sacratum
280 561 339 618 est,
357 563 386 609 et
404 550 622 626 ἀρχιστράτηγος
637 562 808 626 nunccupatur.

172 639 173 642 Ἰ
207 657 272 712 ibid.
292 652 403 719 εἰκόνας
420 652 489 726 ἕηωυ
504 651 623 724 πολλάς]
649 656 672 708 si
690 655 778 726 plures
794 655 941 726 pontificum
958 655 1079 726 imagines
1097 674 1128 710 eo
1145 657 1239 712 vexillo

156 725 276 796 inguutur
295 744 381 780 curum
400 743 465 796 quos
482 724 600 780 devotius
618 725 703 776 colunt
722 725 791 779 etin
809 725 917 795 publicis
941 727 1058 796 precibus
1081 727 1239 797 frequentius

68 841 70 846 ,
122 795 391 879 ¹walramum-magni
408 793 512 879 Basilii,
527 793 648 876 Gregorii
664 793 805 878 theologi,
820 796 921 878 loannis
939 795 1131 879 Chrysostorui,
1158 797 1239 850 Atha·

137 882 223 949 pasu,
238 864 330 934 Cyrrllr
347 863 513 946 Alexandrini
527 871 554 916 et
571 863 673 946 iflicolar
691 862 820 946 blyrensrs
837 864 929 947 ibidem
947 871 1043 948 positas
1061 866 1120 949 nubs
1134 883 1238 950 prorsus

137 934 338 1071 {vililati
353 932 1237 1072 etitaasddtdllulsslssl⁹„stultitiis

136 1071 251 1124 lebratos
276 1043 431 1142 Greg’orium
452 1072 657 1140 thaumaturgum
674 1041 707 1126 ’et
729 1071 989 1140 Hierosolymitauum
1014 1071 1138 1140 cyrillum
1160 1072 1237 1128 alium

136 1157 288 1198 accamrsse.
490 1197 493 1202 ,

221 1229 286 1290 ibid.
308 1249 360 1289 nec
374 1230 466 1290 miuus
476 1234 553 1302 errat
568 1227 682 1310 Inuisus,
701 1249 764 1288 cnm
774 1229 843 1292 illud
854 1229 998 1311 ἱεραρχῶυ
1010 1230 1071 1288 vult
1084 1230 1159 1288 idem
1172 1249 1235 1290 esse
1251 1257 1259 1268 ·

136 1315 216 1392 quod
231 1318 349 1393 prr'nceps
373 1333 520 1390 sacrorum,
548 1315 629 1390 quasi
646 1314 752 1374 scilicet
772 1315 901 1394 princeps
916 1333 1058 1376 sacrorum
1074 1317 1147 1374 ferat
1163 1317 1236 1402 ,illud

133 1399 272 1460 vexillum.
313 1419 415 1476 nugae
459 1419 525 1464 nam
549 1401 693 1479 ἱεραρχῶυ
711 1407 755 1460 est
775 1402 883 1479 patrius
907 1419 987 1459 casus
1007 1401 1113 1459 numeri
1140 1401 1235 1459 multi·
1276 1469 1278 1476 Α

134 1485 241 1544 tudinis
258 1505 275 1544 a
294 1492 372 1544 recto
393 1479 549 1568 ἱεράρχης,
572 1503 645 1560 quae
657 1505 711 1546 vox
726 1486 899 1566 praesulem,
922 1487 1085 1566 episcopum
1099 1482 1149 1544 seu
1160 1505 1233 1566 pou-

134 1571 236 1630 tificern
258 1572 385 1630 mactat.
429 1565 587 1632 Νικολάου
607 1575 663 1632 τοῦ
682 1567 875 1650 περιωνύμου
893 1571 926 1632 ἐν
943 1568 1093 1650 ἱεροὶρχαις
1113 1568 1166 1654 τον
1181 1593 1232 1634 ιτε-

134 1659 261 1736 pinnata
285 1653 406 1718 τουτουὶ
425 1648 518 1732 ναόν,
547 1655 639 1732 inquit
656 1655 802 1714 Cedrenus
824 1657 853 1714 in
876 1657 992 1733 imperio
1016 1657 1121 1716 Basilii.
1161 1675 1232 1736 ergo

133 1741 272 1800 hierarcha
290 1741 459 1819 Opolitanus
474 1746 536 1800 erat
556 1740 715 1820 patriarcha
725 1741 849 1800 eiusdem
862 1742 954 1817 urbiS,
975 1759 1059 1816 quem
1072 1742 1233 1820 imperatori

132 1825 277 1886 flamnlum
289 1843 341 1884 seu
354 1825 483 1886 vexillum
495 1832 691 1906 praeportassc
704 1826 768 1901 quis
781 1828 894 1904 credat,
924 1827 978 1885 nisi
1000 1826 1112 1887 aliunde
1133 1827 1164 1888 id
1185 1827 1233 1886 lu-

131 1911 195 1970 nius
211 1911 335 1989 probati
540 1936 543 1942 ¹

204 2007 240 2060 sb.
256 2025 283 2062 v.
302 2009 328 2061 2.
345 2001 531 2077 ὀκτακόσιοι]
547 2007 643 2078 piscem
659 2009 809 2078 polypcderu
825 2005 964 2060 hodiernus
979 2005 1100 2076 loquendi
1110 2021 1170 2059 usus
1183 2001 1233 2060 ὄτι-

132 2070 272 2131 cantaros
292 2081 385 2130 vocat·
413 2077 535 2132 vexillum
559 2077 619 2130 illud
640 2077 759 2130 dissectis
776 2076 872 2130 laciniis
893 2077 999 2130 inferius
1022 2075 1130 2129 divisum
1147 2071 1231 2129 dccci-

132 2148 269 2284 ptpgccuv‚
290 2145 495 2218 polypodemque
512 2146 629 2200 scissuris
646 2149 777 2212 reterens,
798 2143 971 2200 ὀκταποδίου
988 2161 1080 2199 acmen
1097 2145 1198 2215 accepit
1213 2159 1231 2198 a

132 2231 168 2270 vu
195 2231 220 2272 υ.

201 2299 237 2354 ib.
254 2317 279 2354 v.
296 2301 324 2356 3.
343 2295 462 2366 σταυρὸς
478 2295 548 2370 ἔχων
564 2295 686 2368 εἰκότας]
705 2315 805 2354 crucem
821 2299 888 2352 banc
903 2297 930 2351 iu
948 2297 1039 2354 castris
1056 2304 1084 2352 et
1100 2298 1233 2352 conflicti'

106 2387 108 2390 ·
130 2369 180 2424 bus
196 2369 304 2428 delatam
321 2369 441 2438 eiusmodi
458 2372 567 2423 arbitror
582 2370 671 2438 quales
688 2368 715 2422 iu
733 2368 811 2422 sacris
829 2367 989 2438 processibus
1000 2367 1048 2422 ‘vel
1063 2367 1089 2421 iu
1114 2369 1230 2424 ecclesiis

130 2439 274 2494 adorandas
291 2451 331 2492 me
348 2439 511 2508 conspexisse
527 2438 636 2492 memini.
671 2439 774 2506 ligneae
792 2444 851 2490 sunt
873 2436 932 2492 illae
957 2437 1106 2506 (argenteas
1130 2439 1230 2492 aureis-

130 2525 182 2578 que
198 2509 294 2562 laminis
309 2515 440 2563 contectas
456 2508 584 2579 rapacitas
599 2509 711 2561 'lirrcica
727 2505 892 2574 eliminavit),
909 2513 937 2559 et
953 2507 985 2560 ad
1003 2523 1087 2563 earum
1101 2516 1230 2570 extremos

129 2594 216 2632 muros
230 2577 347 2648 quamvis
372 2578 468 2647 amplos
491 2577 594 2630 latiores
618 2577 700 2631 adbuc
724 2577 875 2632 tritollorum
898 2577 1000 2644 figurae
1020 2575 1176 2646 prominent,
1201 2577 1229 2630 in

129 2645 222 2716 quibus
248 2663 426 2716 nonnunquam
449 2655 538 2716 pectus
563 2654 591 2698 et
611 2647 692 2700 facies
718 2653 839 2716 quattuor
861 2645 1073 2714 evangelistarum
1097 2647 1140 2698 vel
1169 2645 1228 2700 hinc

129 2715 188 2768 inde
201 2716 322 2787 deiparae
339 2724 368 2769 et
383 2715 411 2768 S.
428 2715 530 2770 Ioannis
547 2716 687 2770 aliorumve
704 2715 782 2768 variis
796 2713 936 2780 coloribus,
959 2715 1086 2768 delineata
1108 2713 1177 2782 prius
1200 2711 1229 2767 iu

130 2785 213 2838 medio
231 2783 345 2838 crucifixi
370 2785 471 2856 specie,
492 2792 637 2840 exarantur.
672 2784 758 2855 quidni
774 2784 871 2855 pariter
887 2767 1001 2846 cicccc
1021 2778 1140 2850 σταυρὸς
1158 2779 1228 2852 ἔχων

130 2850 174 2922 (ἐν
189 2859 252 2918 ταῖς
268 2851 389 2923 cluniace)
406 2855 462 2908 τῶν
478 2849 566 2923 ἁγίου
589 2847 728 2919 τεσσάρων
753 2850 878 2921 μεγάλων
901 2849 1049 2922 μαρτύρων
1076 2847 1227 2920 inuicem

130 2941 231 2977 crucem
250 2925 348 2994 qualem
366 2924 406 2976 bic
420 2941 531 2978 memoro
548 2925 664 2995 depictus
680 2923 708 2976 in
722 2922 838 2988 iconibus
851 2939 904 2994 per
919 2921 1000 2976 bucce
1016 2937 1080 2994 opus
1094 2921 1187 2976 Cadini
1197 2917 1231 2978 et'

130 2993 186 3045 eius
202 2993 380 3058 commentaria
396 2994 493 3063 sparsis
509 3001 596 3064 gestat
612 2993 759 3064 patriarcba
777 2991 832 3046 ΟΡ.

198 3095 265 3150 ibid.
289 3095 450 3164 Δημητρίου
474 3096 638 3164 Προτοπίου
660 3092 708 3150 cccl
734 3087 913 3162 Θεοδώρου]
941 3092 1020 3146 duces
1043 3091 1228 3164 armis-quou-

130 3161 188 3214 dam
211 3163 323 3230 insignes
348 3180 471 3218 armorum
498 3166 581 3218 socios
603 3173 630 3220 et
651 3165 678 3218 in
699 3165 772 3218 bellis
797 3170 958 3232 protectores
981 3163 1075 3217 Oriens
1092 3163 1229 3215 invocabat

129 3231 302 3297 Demetrium,
322 3231 489 3300 Procopium,
512 3233 698 3302 καλλινίκους,
723 3239 752 3286 et
771 3229 948 3299 Θεοδώρους,
973 3231 1093 3284 Cedreno
1109 3231 1137 3284 in
1154 3231 1227 3284 Tac-

128 3305 208 3354 misce
231 3299 317 3351 ᾱσοτσι
343 3315 418 3352 unum
444 3307 471 3352 et
494 3302 570 3354 alium
596 3302 701 3355 tironem
726 3301 817 3354 dictos.
852 3301 947 3370 primus
970 3300 1115 3353 Demetrius
1137 3303 1228 3368 φλαμ-

126 3365 275 3437 τιουράρηι
296 3383 327 3420 ac
347 3384 453 3438 praeses
475 3369 625 3423 Thessaliae
650 3372 697 3424 sub
719 3369 874 3426 Maximiano
890 3375 989 3434 martyr
1005 3368 1070 3420 obiit
1086 3369 1227 3424 Thessalo-

128 3438 217 3502 nicae,
239 3436 283 3489 ubi
308 3453 353 3488 cor
372 3453 401 3488 us
419 3437 475 3492 eius
492 3455 567 3490 sacro
584 3439 687 3507 liquore
703 3439 834 3492 exundans
852 3437 981 3506 perpetuis
997 3454 1100 3506 quoque
1116 3437 1226 3492 miracu·

126 3509 208 3562 lorum
225 3505 330 3558 scaturit
345 3454 456 3560 luentia
491 3525 507 3562 a
523 3507 676 3578 proiecturis
694 3507 720 3560 in
738 3506 860 3577 praelium
876 3506 1024 3570 invocatur,
1049 3523 1147 3574 suoque
1169 3507 1226 3560 bel-

126 3579 210 3630 lantes
226 3575 331 3630 adiuvat
354 3575 493 3644 praesidio;
518 3593 567 3629 nec
585 3577 611 3630 in
629 3575 731 3629 dubium
747 3582 885 3629 revocatur
903 3575 969 3642 quod
987 3573 1226 3628 ‘l'bcssaloniceusi⁴

127 3647 175 3700 bus
192 3645 324 3700 obsidione
340 3646 373 3698 ab
390 3645 509 3698 Alusianc
526 3645 694 3716 Balgarorum
712 3645 803 3699 cinctis
819 3651 1000 3712 unguentoque
1017 3645 1050 3696 ab
1068 3644 1123 3698 eius
1139 3646 1225 3714 sepul-

127 3732 173 3768 cro
190 3721 322 3768 emanante
337 3713 420 3766 unctis
438 3715 553 3771 contulit.
588 3717 717 3770 Romanae
740 3713 805 3768 aciei
820 3713 871 3766 tait
887 3712 938 3770 dur
954 3719 1054 3780 martyr
1071 3715 1227 3774 Demetrius.

126 3783 165 3840 alt
182 3784 315 3838 cedrenus
332 3784 359 3836 in
376 3783 504 3836 llliclraele
519 3785 700 3854 Paphlagone‚
715 3784 767 3837 iter
784 3800 817 3836 ue
830 3781 1015 3852 complanavit,
1034 3783 1101 3850 quod
1118 3783 1225 3850 Balgari
1318 3849 1321 3856 Ι

126 3853 593 3992 ἴξὲἔέἐέἳῖτῗὲξέιᾝῗὲἒῗὲἱῗ“ἱ’
606 3854 883 3992 adtitulati?
894 3867 1015 3973 :ibid
1031 3858 1160 3974 ildito
1173 3867 1223 3972 d}

126 3997 191 4046 stas.
224 3992 289 4044 alter
313 3991 452 4061 Procopius
470 3989 557 4046 militia
575 3993 657 4046 clarus
673 3993 727 4044 dux
744 3989 913 4044 Alexandriae
931 3989 992 4055 luit,
1015 3995 1045 4041 ut
1067 3987 1154 4042 verbis
1176 3989 1223 4042 iis-

126 4059 221 4114 demS
241 4060 363 4114 naxarion
381 4059 475 4114 amerit
490 4061 549 4114 lulli
565 4064 595 4115 8:
619 4061 725 4130 χαίροις
745 4055 893 4129 μαρτύρων
915 4055 1059 4128 καύχημα,
1088 4053 1223 4128 βασιλέων
1243 4077 1246 4085 ·

124 4079 287 4202 speculamur
306 4131 377 4184 canit
392 4130 448 4184 eius
465 4131 532 4183 festu
549 4130 657 4184 ecclesia
673 4132 785 4184 Graeca.
820 4129 909 4184 tertius
921 4127 968 4181 tuit
979 4127 1221 4195 'lbecdopusccpcr-¹

124 4195 261 4267 τηλάτηρ,
276 4201 391 4269 equiturn
407 4201 535 4272 magister
552 4201 600 4254 sub
616 4199 730 4265 Licinio,
747 4216 764 4254 a
780 4215 830 4269 quc
849 4206 955 4252 mortem
971 4196 1069 4248 illatam
1086 4194 1220 4248 sustinuit:
1262 4239 1265 4248 ,

124 4265 185 4321 exin
202 4267 372 4322 Romanorum
390 4270 466 4326 armis
484 4271 573 4322 favere
587 4269 673 4341 coepit
690 4287 705 4322 e
722 4268 810 4331 coelo,
837 4283 868 4320 ac
885 4265 985 4319 loannis
1002 4262 1136 4316 Talmiscis
1153 4271 1220 4316 tem·

122 4341 292 4406 perstantes
311 4339 464 4410 Scytbamm
477 4338 504 4394 iu
522 4339 639 4395 Graecos
655 4337 833 4409 pneumatum
849 4333 945 4404 stragis
961 4339 1051 4389 auctor
1067 4333 1133 4400 luit,
1150 4337 1180 4388 ut
1197 4331 1223 4387 ei
