2802 4686
174 319 245 391 102
379 379 382 386 .
482 315 631 384 conmr
655 311 948 406 cuaorrnrma

173 492 222 558 καὶ
239 487 299 554 άπὸ
314 493 374 554 τῶν
389 483 605 572 πλησιοχώρων
618 485 781 569 ἐκκλησιῶν
793 479 1053 566 μετακεκλημένοι.
1081 481 1121 544 ἐἰ
1137 479 1169 544 δέ
1187 474 1265 562 μήτε

136 603 159 656 Β
176 597 389 676 ἐπιδημοῦντες
408 589 525 673 τόχοιεν
545 587 622 671 μήτε
644 589 676 653 ἐν
690 599 756 664 ταῖς
772 584 994 672 πλησιοχώροις
1009 584 1178 665 ἐκκλησίαις
1193 575 1267 648 ὦσιν

174 697 321 782 ἀρχιερεῖς
337 690 471 772 (initiare,
496 689 649 775 κάθηνται
668 691 700 755 ἐν
720 695 763 777 τῷ
780 689 986 776 ψηφηφορείῳ
1002 689 1035 764 ἐξ
1050 682 1183 770 ἀνάγκης
1200 683 1268 750 ὅσοι

175 798 214 863 ἂν
227 795 392 883 εὗρεθῶσι,
418 797 469 858 καλ
485 794 652 877 ἐκλέγονται
675 795 717 869 είς
732 788 919 876 πατριάρχην
938 787 1087 877 πρόσωπα
1100 788 1186 874 τρία,
1214 783 1269 864 οὓς

177 900 214 966 riu
231 897 333 975 ὅθεὸς
344 894 508 983 χορηγήσει
520 901 561 973 εἰς
574 895 629 979 την
641 901 750 980 γνῶσιν
763 895 879 960 αὐτῶν·
905 884 946 960 εἶν
960 893 999 958 τά
1013 889 1148 974 όνόματα
1162 893 1293 954 ‹imno-5

176 1005 312 1087 μίζυυσιν
326 997 485 1088 ἐγγράφως
499 1007 543 1086 τῷ
555 1003 679 1080 βασιλεῖ
689 999 718 1062 οἳ
732 1004 791 1064 τῶν
807 995 961 1083 ἀρχόντων
972 1002 1029 1079 ,τῆς
1047 994 1205 1078 ἐκκλησίας
1219 991 1269 1056 ἐκΒ

178 1131 273 1193 κριτοι
281 1153 293 1184 ,
318 1106 374 1168 καὶ.
386 1100 402 1169 ό
415 1101 559 1190 pacatur
576 1101 723 1185 ἐκλέγεται
737 1101 800 1166 ’άπὸ
818 1097 932 1165 τούτων
947 1097 982 1165 όν
997 1097 1035 1164 ἂν
1050 1098 1067 1162 ὃ
1083 1097 1157 1172 θεός
1170 1097 1270 1178 ἐμβα-

71 1231 94 1283 Ρ
113 1192 164 1286 13ό
180 1207 276 1276 τεόσει
297 1207 339 1282 είς
359 1205 414 1290 τὴν
428 1211 536 1291 γνῶσιν
554 1204 658 1269 αότοῧ.
709 1199 773 1268 εἶτα
789 1203 1021 1268 ἀποστέλλονται
1036 1200 1180 1287 άρχοντες
1191 1197 1268 1283 παρ’

179 1311 273 1380 αὐτοῦ
288 1309 342 1386 οὓς
358 1308 396 1374 όν
409 1309 571 1394 διακρίνοι,
596 1309 647 1372 καὶ
663 1307 693 1372 οἳ
705 1306 892 1389 ὁηλωθέντες
906 1304 1144 1388 ἐκκλησιαστικολ
1161 1299 1272 1387 άρχον-

178 1440 243 1493 τες,
269 1415 318 1478 καὶ
333 1412 538 1493 διακομίζουσι
553 1410 588 1476 τό
603 1407 753 1496 ψήφισμα
773 1408 850 1495 πρός
866 1408 919 1474 τόν
939 1407 1139 1494 ψηφισθέντα
1156 1407 1206 1470 καὶ
1221 1405 1271 1468 ἐκ·
1280 1415 1314 1469 10

143 1501 145 1508 ,
180 1518 299 1602 λεγέντα
314 1512 355 1592 ὡς
370 1515 429 1580 ἀπὸ
442 1519 498 1596 τῆς
511 1514 712 1595 {astipulasse
726 1514 845 1576 καὶτοῦ
856 1510 1015 1592 βασιλέως.
1045 1508 1102 1576 κᾶν
1115 1503 1171 1590 μέν
1184 1509 1273 1590 δέξη-

180 1645 231 1685 ται
245 1623 345 1696 τοῦτο,
370 1615 430 1700 ἤδη
447 1616 555 1681 καλόν·
577 1619 603 1680 ri
617 1615 651 1679 ιλέ
663 1611 717 1696 μή,
738 1614 918 1699 ἀπέρχονται
935 1617 977 1691 είς
988 1613 1041 1680 τόν
1056 1613 1173 1699 ἕτερον·
1199 1615 1226 1676 εἷ
1241 1611 1275 1676 δὲ

182 1725 231 1788 καὶ
248 1721 304 1808 οόχ
317 1710 420 1798 οὗτος,
434 1723 492 1796 ἐἷς
505 1719 557 1784 τὸν
569 1716 684 1784 λοιπόν.
736 1721 762 1782 εἶ
777 1719 809 1784 δ’
823 1718 901 1794 -ίίνως
916 1717 986 1783 οὐδ’
1005 1714 1021 1783 ὃ
1038 1719 1155 1803 τρίτος,
1175 1717 1275 1800 γίνου·

182 1851 233 1890 ται
250 1815 342 1900 αὖθις
355 1830 459 1910 ψῆφοι
475 1819 516 1900 ὡς
531 1825 562 1900 ἐξ
577 1820 671 1905 ἄλλης
687 1820 785 1906 ἀρχῆς
791 1869 801 1899 ,
827 1825 876 1888 καὶ
895 1821 972 1903 μετὰ
993 1819 1028 1886 τό
1052 1821 1201 1898 δέξασθαι
1222 1815 1276 1882 τόν

183 1926 381 2015 ψηφισθέντα
393 1926 427 1992 τό
441 1922 567 2010 μήνυμα
583 1921 785 2012 προβάλλεται
800 1930 906 1990 τοῦτον
922 1921 937 1989 ὃ
953 1923 1096 2018 βασιλεὺς
1110 1919 1214 1997 οὕτως.
1238 1973 1240 1980 .
1284 1929 1317 1985 15

288 2065 320 2126 Γ
317 2063 452 2145 ινομένης
466 2058 651 2146 ἀναβάθρας
665 2061 717 2126 διὰ
733 2058 831 2138 ξόλων
851 2063 892 2137 εἷς
909 2060 965 2144 τὴν
983 2059 1080 2144 ἀρχὴν
1095 2064 1149 2124 rori
1163 2057 1278 2144 τρικλί-

185 2191 238 2232 νου
246 2215 255 2246 ,
282 2165 532 2253 περισκεπόμένης
548 2166 600 2231 ιλιά
616 2167 743 2247 βλατίοο
757 2169 912 2244 κοκκίνου,
938 2165 990 2251 ἐφ’
1009 2155 1046 2247 ἧς
1059 2165 1181 2227 ἵσταται
1197 2159 1278 2247 θρό-

148 2281 171 2336 Β
188 2294 240 2344 νος
260 2268 418 2349 βασιλικός
438 2265 541 2344 ὃποΐος
562 2269 594 2331 ἐν
610 2275 646 2352 τῇ
664 2275 719 2333 τοῦ
733 2268 883 2349 βασιλέως
899 2267 1088 2356 στεφηφορίρι
1103 2265 1234 2350 εἴρηται,
1261 2259 1278 2326 ὃ

187 2372 242 2454 μέν
256 2369 404 2455 τρίκλινός
418 2371 480 2435 ἐστι
496 2370 755 2455 όιαπεφραγμένος
767 2357 920 2452 βλατίαις,
954 2369 1041 2434 καθὰ
1056 2370 1105 2432 καὶ
1121 2371 1153 2432 ἐν
1168 2374 1205 2452 τῇ
1224 2372 1279 2432 τοῦ

190 2470 337 2538 δεσπότου
351 2471 514 2559 προβλῆσει
531 2471 698 2554 δεδήλωται
704 2521 715 2552 ,
739 2469 805 2537 riri?
819 2470 963 2553 βασιλεὺς
984 2469 1018 2538 τό
1038 2498 1069 2536 τε
1091 2473 1211 2552 στέμμα
1228 2471 1322 2540 naiso

189 2577 229 2642 τά
242 2575 332 2643 λοιπά
347 2582 452 2663 φορῶν
463 2575 564 2641 ἐλθὼν
579 2577 611 2640 ἐκ
627 2582 680 2642 τοῦ
695 2577 811 2641 κελλίου
825 2576 920 2640 αὐτοῦ
937 2577 1055 2654 καθίζει
1070 2577 1187 2664 ἐπὶτοῦ
1201 2569 1281 2659 θρό-

191 2705 244 2745 νου
258 2675 418 2765 ἐρχόμενος
430 2679 463 2744 ἐκ
478 2685 533 2744 τοῦ
550 2679 666 2744 κελλίου
681 2680 794 2758 αότοό,
817 2675 937 2744 πάντων
948 2684 1008 2744 τῶν
1022 2673 1176 2764 ἀρχόντων
1189 2701 1265 2762 παρι

262 2867 359 2942 1ἣεί
373 2873 441 2943 μήτε
456 2876 583 2944 margoP
694 2865 769 2928 ὔιόν
786 2874 866 2928 oruP
971 2834 1004 2930 lo
1021 2869 1134 2942 μήνυμα
1148 2872 1282 2942 ,mergor

177 2949 180 2959 '
259 2945 293 2997 θλ
312 2941 404 2998 ἐλθόν
419 2940 449 2998 ἐκ
467 2945 518 2998 τοῦ
536 2943 642 2996 seii-lou
659 2939 750 2998 αότυό
768 2945 861 2999 adon
1065 2984 1066 2987 κ
1149 2977 1153 2984 -

194 3131 259 3167 vero
276 3130 362 3183 neque
380 3131 412 3166 ex
429 3113 464 3167 iis
480 3113 527 3184 qui
541 3132 652 3184 peregre
674 3118 849 3184 advenerunt,
877 3132 963 3186 neque
980 3132 1013 3168 ex
1029 3114 1147 3170 finitimis
1165 3113 1285 3167 ecclesiis

194 3184 369 3237 duodenarius
385 3197 506 3238 numerus
523 3184 703 3254 episcoporum
720 3187 813 3239 confici
830 3194 919 3255 queat,
937 3193 999 3238 tunc
1016 3185 1165 3238 necessario
1182 3184 1208 3235 in
1226 3184 1285 3236 loco

195 3253 314 3322 suffragii
330 3252 433 3306 ferendi
450 3254 543 3308 sedent
560 3260 599 3306 tor
616 3265 680 3324 quot
696 3255 795 3324 reperti
812 3254 924 3323 fuerint,
944 3262 1052 3326 tresque
1065 3254 1096 3306 in
1112 3252 1286 3323 patriarcham

195 3321 310 3392 eligunt,
336 3339 401 3391 quos
425 3322 526 3377 scilicet
548 3324 619 3376 deus
634 3325 700 3394 ipsis
723 3324 909 3392 inspiraverit,
933 3341 1041 3393 quorum
1067 3322 1171 3375 nomine
1187 3321 1287 3392 scripto

195 3391 349 3460 consignata
365 3393 486 3444 defernnt
506 3391 597 3445 aelecti
618 3393 744 3447 ecclesiae
763 3411 887 3463 proceres
910 3392 942 3446 ad
965 3392 1164 3460 imperatorem,
1190 3390 1287 3458 quiex

193 3459 245 3512 illis
264 3461 339 3529 eligit
355 3461 475 3531 aliquem,
501 3477 576 3532 quem
600 3461 664 3515 deus
682 3464 709 3516 in
729 3471 838 3523 mentem
856 3464 912 3518 eius
930 3461 1039 3515 miserit.
1073 3461 1168 3514 deinde
1184 3459 1290 3526 ablegat

196 3529 339 3600 imperator
355 3530 504 3600 principes,
530 3532 575 3600 qui
597 3531 673 3584 simul
697 3549 754 3584 cnm
775 3531 960 3588 ecclesiasticis
983 3530 1136 3600 proceribus
1152 3531 1290 3598 perierunt

196 3597 348 3674 eiectionem
367 3599 400 3651 ad
418 3599 540 3666 electum,
568 3601 691 3668 electum,
716 3602 829 3670 inquam,
857 3609 884 3654 et
901 3604 933 3653 ab
951 3599 1062 3652 ecclesia
1079 3608 1107 3652 et
1123 3601 1154 3651 ab
1173 3599 1288 3668 impera-

196 3675 265 3719 tore.
300 3668 325 3719 si
341 3667 439 3720 eiectus
453 3669 575 3722 electioni
590 3679 695 3738 annuat,
715 3672 852 3735 beneest3
872 3668 896 3722 si
913 3671 1019 3738 abnuet,
1039 3676 1102 3722 eunt
1117 3669 1150 3721 ad
1169 3667 1289 3720 alterum.

197 3736 223 3798 ai
240 3753 324 3809 neque
341 3737 393 3792 iste
411 3739 570 3806 consentiat,
596 3739 628 3790 ad
652 3739 757 3792 tertium
783 3756 813 3791 ae
838 3740 986 3792 conserunt.
1021 3738 1045 3792 si
1066 3745 1093 3790 et
1116 3737 1160 3789 hic
1176 3744 1291 3801 recuset,

198 3822 289 3857 rursus
307 3806 340 3858 de
356 3807 458 3873 integro
473 3806 564 3860 etalio
580 3807 656 3876 quasi
669 3808 800 3884 principio
818 3816 920 3878 sumpto
938 3807 1065 3876 suffragia
1081 3807 1179 3860 ferunt.
1216 3813 1291 3873 post·

199 3891 276 3944 quarn
293 3873 391 3954 electus
401 3875 588 3958 'suffragationi
604 3894 737 3931 assensum
755 3878 886 3948 praebuit,
907 3877 975 3930 hunc
991 3877 1139 3930 immodum
1155 3877 1189 3928 eb
1205 3873 1292 3942 impe-

199 3954 287 4000 ratore
304 3952 478 4001 renuntietur.

209 4098 213 4108 ,
269 4047 413 4112 Exstructe
427 4045 513 4116 lignea
531 4047 675 4102 anabathra
691 4047 724 4100 ad
740 4047 843 4104 initium
860 4047 978 4114 triclinii,
996 4052 1142 4130 operteque
1162 4042 1293 4098 coccineis

200 4117 308 4183 sericis,
334 4117 362 4169 in
380 4133 431 4185 qua
449 4123 503 4169 stat
517 4115 578 4168 talis
599 4115 765 4184 imperatoris
781 4117 891 4170 thronus
908 4117 992 4186 qualis
1010 4135 1038 4168 ια
1055 4115 1226 4168 coronatione
1243 4113 1292 4164 inr-

199 4187 330 4257 peratoris
347 4187 493 4270 descriptus
511 4191 560 4250 est,
577 4185 718 4238 triclinium
735 4186 839 4254 quidem
854 4186 1024 4254 intersepitur
1040 4184 1168 4236 eiusmodi
1184 4181 1252 4234 veiis
1268 4187 1294 4233 et

199 4257 293 4323 pennis
319 4257 408 4327 quales
434 4273 462 4308 m
485 4255 612 4336 despotae
627 4254 962 4323 inauguratione-adhiberi
975 4253 1071 4306 solent.
1105 4260 1134 4304 at
1152 4253 1295 4320 imperator

200 4333 307 4380 stemma
323 4335 352 4381 et
366 4327 420 4381 alia
434 4331 579 4395 gestamme
596 4330 701 4393 gestans
719 4325 794 4390 sedet
809 4325 838 4377 in
854 4325 949 4379 throno
966 4339 1023 4391 sno,
1040 4338 1163 4390 egressus
1181 4336 1215 4374 ex
1232 4337 1295 4374 con-
