2802 4686
514 297 560 364 m
580 297 729 366 conum
750 297 890 366 esau
968 259 972 272 ’
1136 244 1254 370 ’τευ

223 472 254 578 p·
269 456 325 512 tv.
337 455 368 511 d·
407 449 526 528 ὂνὲνυε
545 453 734 543 τειχοφύλαξ]
758 457 860 528 Rosiae
885 455 901 514 ὃ
919 450 1253 546 erubesceretur

158 518 210 580 edu
236 543 311 594 στιν,
329 519 368 587 ἀς
378 525 451 588 τινίς
463 545 548 594 φασι,
573 527 664 596 φυλαξ
681 546 732 581 του
748 525 879 593 σεκρέτου
889 528 938 584 καί
949 531 1079 597 θυρωρός
1090 531 1253 598 (τουτσγαρ

157 596 214 648 τόν
224 590 372 662 όστιαρίων
383 589 456 649 ἐστίν
467 591 586 664 ἀρχαῖον
596 589 765 665 ίπάγγελμα)
777 591 835 650 ἀλλ’
849 593 922 651 ἔστιν
933 591 1119 652 ἔπισκοπικάν
1136 598 1252 651 δικαίων

158 658 324 733 φροντιστὴς
334 661 381 717 καί
395 661 483 718 οίονελ
499 665 599 736 δικαίῳ
619 665 674 720 τάν
690 661 852 734 ἀνηκόντων
876 668 915 738 τῷ
930 663 1097 736 πατριάρχη.
1131 667 1180 719 alia
1197 667 1252 720 eius

158 733 242 786 munia
267 732 292 786 in
317 733 451 786 bllationis
468 739 613 788 occurrunt.
646 729 661 787 ό
683 731 769 804 μέγας
786 733 979 804 χαρτοφόλαξ,
1007 729 1077 788 ὅταν
1099 736 1256 804 λειτουργεῖ

156 797 310 871 ἀρχιερεύς,
336 801 446 856 ἵσταται
457 795 598 868 (ἀλλάσσει
611 800 658 856 καί
672 801 782 856 ἵσταται
792 803 834 873 Μ)
845 803 962 873 πλησίον
972 804 1028 856 τῶν
1047 798 1134 870 ἀγίων
1150 821 1252 872 μυστη·

157 871 225 936 ρίων
238 871 413 940 (θυράνΜ).
426 867 496 939 λέγει
510 865 525 923 d
539 866 623 934 αιἰτός
633 866 1024 940 ἀρχιδιάκονος“προσε’λθετε
1036 871 1075 942 τῷ
1087 871 1195 942 βασιλεῖ
1201 870 1250 926 καί

155 933 245 1010 esp?
282 935 338 992 ἔστι
348 935 380 992 δὲ
391 935 439 992 καλ
451 935 490 1000 είς
500 934 550 1002 τάς
561 939 659 1008 κρίσεις
669 935 719 1002 τάς
730 937 919 1028 εἰσερχομένοις
937 935 967 994 ἒν
984 940 1020 1010 τῇ
1035 934 1102 1012 ἀγίμ
1119 933 1249 1013 ίκκλησίᾳ

155 999 186 1061 ἐκ
197 1003 349 1074 προσώπου
360 1009 411 1061 τοῦ
430 1002 576 1076 ἀρχιερέως
591 1005 703 1064 διδόναι
719 1003 785 1076 παρ’
805 1010 893 1074 aproni
906 1005 958 1071 τάς
974 1004 1130 1074 ἀποφάσεις
1147 1005 1247 1070 πάσας.

156 1073 226 1145 ἔχων
239 1073 271 1130 δὲ
283 1073 393 1139 καλτάς
408 1071 562 1146 ίερσλογίας
578 1077 634 1130 τόν
650 1078 817 1148 μνηστειῶν,
840 1075 989 1147 ίερολυγυλυ
1005 1072 1093 1139 αότάς
1109 1074 1159 1130 καί
1175 1073 1249 1131 ἀπο·

153 1143 273 1200 στέλλων
284 1147 324 1217 τηῖ
335 1141 408 1214 ίερεῖ
416 1148 467 1198 τοῦ
478 1147 551 1199 ναοῦ
561 1147 613 1200 τοῦ
625 1145 727 1216 δεῖνος,
739 1141 863 1216 εὐλογεῖν
874 1143 971 1210 αότάς.
983 1144 1073 1216 (ἔστιν
1084 1133 1136 1199 οὖν
1148 1145 1195 1200 κοιλ
1208 1144 1248 1208 είς

153 1215 299 1283 μνηστείας
314 1211 479 1285 ἀρραβάνος
494 1210 643 1302 γενομένου
660 1211 707 1268 ὑπ’
726 1209 828 1284 odacri,
845 1215 894 1271 καὶ
912 1212 970 1272 ἀνα
988 1211 1072 1283 odoret
1090 1210 1180 1284 ὄνομα
1198 1217 1251 1270 τοῦ

155 1281 310 1351 λερέωςτοό
319 1281 466 1353 μέλλοντος
476 1285 621 1353 ευλογῆσαι
632 1280 681 1339 τόν
702 1279 800 1356 γάμον.
813 1286 857 1355 Μ)
891 1281 949 1342 ἔστι
965 1235 997 1340 dl
1014 1281 1063 1343 καλ
1080 1275 1110 1338 ίν
1122 1287 1184 1346 ταῖς
1194 1302 1234 1354 χει

155 1353 295 1420 ροτονίαις
323 1353 380 1406 τάν
411 1347 561 1422 ἀρχιερέων
586 1348 754 1422 προσφέρειν
774 1349 824 1408 τόν
841 1350 1087 1424 χειροτονούμενον
1109 1347 1248 1422 ἀρχιερέα.

155 1421 225 1491 ἔχων
237 1418 269 1476 δὲ
283 1418 368 1485 atinde
376 1419 531 1490 χαρτούλην
543 1417 700 1492 ἀναγράφει
714 1418 766 1486 τάς
784 1419 839 1476 τόν
858 1417 1016 1478 ἐπισκόπων
1027 1417 1185 1490 ἀποφάσεις
1200 1419 1250 1476 καί

154 1487 242 1553 αότάς
252 1493 292 1563 τῷ
303 1486 427 1560 ἀρχιερεῖ
432 1486 576 1558 ἀναφέρει.
611 1493 676 1546 adde
692 1493 762 1560 (curn
773 1494 827 1562 Ml:
851 1486 927 1564 ἀνιῇ
943 1489 1010 1565 ἀγίμ
1027 1487 1181 1562 μεταλήψει
1197 1486 1249 1544 od·

154 1557 201 1622 τός
219 1557 289 1630 λέγει
304 1556 407 1626 Ι“ίερει”ς
424 1553 618 1624 προσέλθετε.”
655 1557 711 1619 ἔστι
725 1557 759 1616 db
778 1558 825 1614 uoci
841 1553 873 1615 dn
889 1559 1040 1630 προσώπου
1051 1555 1196 1631 ἀρχιερέως
1207 1557 1248 1622 είς

153 1631 247 1682 πάσαν
260 1629 348 1696 κρίσιν
358 1626 469 1684 διδόναι
480 1625 530 1690 τάς
541 1624 705 1696 ἀπυφάσεις.
734 1631 790 1682 binc
802 1631 856 1684 eius
866 1632 989 1698 tribunal,
1005 1629 1038 1684 de
1049 1649 1100 1702 quo
1117 1630 1182 1683 luris
1194 1629 1247 1682 GR

153 1718 181 1821 p,
190 1701 251 1782 λὸξ,
269 1699 428 1784 episcopatus
441 1700 539 1780 nomine
555 1699 700 1782 decoratum
712 1699 888 1784 a'Balsampne
911 1701 938 1752 in
957 1701 974 1752 9
997 1717 1054 1783 can.
1077 1700 1161 1755 Trull.
1187 1693 1249 1784 drea}

153 1763 1249 1906 dt},tttlllttzlttllttttttleit}‘lldbdlttitttttssltildt.

153 1897 273 1956 σκοπικά
291 1903 406 1968 δίκαια,
427 1899 476 1954 καὶ
496 1898 512 1955 d
530 1898 602 1956 κατά
620 1900 720 1970 καιρόν
736 1901 914 1989 χαρτσφόλαξ
932 1902 1040 1973 ἐνεργεῖ
1053 1901 1152 1975 δικαίῳ
1172 1897 1247 1956 καιά

153 1966 270 2038 καιροός
279 1964 435 2039 ἀγιωτάτου
445 1968 723 2040 πατριάρχουπάντα
733 1968 768 2025 roi
784 1989 873 2044 τουτφ
887 1969 1032 2042 ἀνήκοντα
1051 1969 1087 2034 ἀς
1103 1966 1245 2042 ἒπισκόπφ

153 2035 295 2110 (ἀφορίζει
306 2035 376 2108 γάρ,
393 2039 561 2105 διορθοῦται
571 2035 677 2111 ψυχικοί
688 2037 852 2109 σφάλματα,
873 2037 1024 2102 διακόνους
1035 2039 1084 2094 καί
1094 2035 1176 2107 λερεῐς
1186 2035 1247 2093 ἐπι·

151 2108 247 2177 τρέπει
257 2110 494 2177 χειροτονεῖσθαι,
516 2104 552 2163 τά
563 2109 619 2162 τιόν
630 2105 789 2178 ίερολογιῶν
799 2107 917 2164 πινάκια
935 2105 1091 2176 ἐκτίθεται,
1108 2107 1156 2162 καὶ
1174 2104 1247 2162 ἀλλα

152 2177 272 2233 τοιαῦτά
283 2179 370 2246 τινα),
389 2177 479 2240 καλῶς
490 2169 667 2232 ίπισκσπεῖον
679 2174 850 2246 κληθήσεται
859 2173 892 2231 τό
905 2181 1158 2248 χαρτυφυλακεῖον.
1186 2180 1246 2230 hinc

152 2248 209 2302 eius
232 2245 373 2300 administri
396 2239 605 2299 ίπισκσπειανοί
620 2245 682 2298 dicti
701 2247 767 2300 luris
788 2247 840 2300 GR
862 2247 908 2300 t'ol.
933 2249 982 2302 171
1000 2252 1027 2300 et
1045 2249 1102 2302 172.
1136 2245 1170 2300 de
1189 2246 1247 2298 aliis

152 2317 208 2370 eius
224 2315 314 2370 muniis
327 2315 513 2385 etprivilegiis
524 2315 646 2368 videndus
656 2315 791 2368 Bnlsemon
810 2315 932 2370 Meditnto
950 2316 982 2369 de
1000 2333 1032 2369 eo
1050 2315 1188 2386 composito
1201 2317 1246 2368 lu-

151 2387 188 2440 ris
200 2385 311 2440 eiusdem
333 2386 386 2439 GR
403 2385 427 2438 7.
440 2392 498 2438 ncta
514 2389 541 2438 et
563 2384 765 2452 subsignationes
781 2383 837 2437 eius
853 2386 898 2441 fol.
917 2384 969 2440 235
988 2392 1015 2438 et
1030 2387 1091 2439 270.
1109 2399 1173 2454 quos
1194 2383 1245 2437 sibi

152 2455 240 2508 titulbu
263 2454 390 2518 vindicet,
413 2453 470 2522 ipse
492 2454 680 2522 chartophylax
696 2469 819 2524 perorans
839 2454 866 2508 in
883 2453 976 2508 actisd
987 2453 1099 2538 Synodi3
1118 2454 1244 2508 1&an-

153 2524 214 2578 cisci
230 2523 358 2577 combefis
368 2523 498 2588 diligentia
519 2523 666 2610 propediem
687 2521 855 2591 complendis,
880 2523 1021 2592 eloquitur:
1046 2517 1255 2598 όαμαρτωλός

152 2587 205 2662 lyd
221 2589 270 2645 καί
286 2589 401 2646 πάντων
410 2588 550 2661 ἐλάχιστος
567 2591 709 2660 Apsoros,
725 2585 839 2657 ἀνάξιος
856 2591 990 2654 διάκονσς
1005 2588 1055 2644 καὶ
1066 2587 1245 2660 χαρτοφόλαξ

152 2663 202 2730 τῆς
213 2656 508 2731 ίνταόθαάγιωτάτης
523 2661 574 2714 τοῦ
590 2660 664 2713 θεοῦ
678 2657 797 2728 μεγάλης
811 2653 968 2730 ἐκκλησίας,
990 2658 1038 2713 καλ
1058 2661 1109 2713 τοῦ
1127 2656 1245 2727 εόοιγοός

151 2731 352 2799 πατριαρχικσά
361 2727 490 2800 σεκρὲτυυ
501 2725 727 2798 πρατονοτάριος
738 2729 786 2784 καλ
796 2725 992 2798 καγιιελλάριος
1002 2724 1140 2794 δεύτερος.
1175 2728 1243 2781 unde

152 2817 215 2852 vero
231 2795 350 2868 μεγάλου
369 2816 402 2870 ap
422 2799 508 2854 ellade
529 2799 610 2852 eidem
628 2801 779 2863 accerserit,
802 2799 884 2851 refert
900 2799 1092 2852 Centaouuenus
1110 2799 1128 2852 2
1146 2797 1176 2850 12
1193 2791 1245 2850 τόν

151 2887 187 2956 χα
205 2867 350 2937 τοφάλακα
360 2820 421 2924 tusi
432 2863 470 2938 μὴ
483 2863 612 2938 ίβοάλετο
627 2863 827 2936 (Ἀνδρόνικος)
843 2860 900 2920 ἀπό
912 2867 961 2935 τῆς
971 2867 1022 2920 τοῦ
1031 2861 1242 2935 χαρτοφόλακος

151 2887 231 3003 αξίας
241 2935 281 3000 είς
292 2930 390 3005 ἓτίραν
404 2939 517 3008 μείζονα
533 2938 748 3007 μετενεχθῆναι,
770 2929 860 3004 αὐτὴν
872 2928 972 3022 ἓαυτῆμ
988 2932 1116 3004 ἐποίησεν
1132 2927 1242 3002 ἔντιμα·

151 3005 250 3073 τὲραν,
267 3002 354 3076 με’γαν
373 3004 572 3077 χαρτοφόλακα
587 3001 830 3090 προσαγορεύσας·
848 3003 896 3058 καὶ
914 2999 954 3057 ἀπ
979 2999 1086 3058 ἐκείνου
1103 2999 1140 3066 ὥς
1157 3003 1242 3071 δεῦρο

151 3077 192 3147 τῷ
202 3073 391 3145 χαρτοφόλακι
407 3074 522 3140 σώζεται
540 3069 572 3128 τό
586 3091 679 3144 μεγας.
714 3075 801 3142 legant
814 3075 878 3126 haec
895 3074 938 3143 qui
956 3075 1113 3127 Graecorum
1125 3073 1242 3126 miseriae
1318 3078 1321 3083 '

129 3181 135 3186 -
151 3145 279 3198 lubentius
291 3163 321 3197 nc
331 3145 427 3198 facilius
437 3144 581 3198 insultatori
598 3144 721 3214 pristinae
738 3161 823 3196 eorum
839 3142 957 3212 dignitati
971 3144 1130 3204 obtrectant,
1154 3147 1183 3194 et
1192 3158 1240 3194 va-

128 3207 200 3266 'nne
215 3214 341 3283 imputent
359 3214 488 3267 ambitioni
503 3220 533 3266 ut
543 3213 635 3266 officiis
646 3221 673 3266 et
684 3213 849 3280 dignitatibus
866 3230 916 3265 uon
928 3229 1006 3281 parce
1021 3206 1054 3264 τὸ
1064 3207 1154 3280 ,μέγας
1163 3227 1241 3280 prae-

150 3291 262 3353 ponunt,
278 3289 304 3334 et
317 3299 395 3366 saepe
410 3283 460 3336 duo
472 3283 559 3335 officia
574 3283 738 3350 caeteroquin
754 3281 826 3350 paria
836 3281 912 3334 aliter
927 3297 978 3332 non
994 3280 1151 3348 distinguant
1164 3295 1240 3348 quam

141 3351 224 3404 uocis
239 3351 290 3402 τοῦ
305 3353 425 3418 μεγαλου
442 3351 609 3421 appositione.
644 3368 676 3403 an
693 3351 783 3402 iniurie
800 3366 862 3402 vero
885 3349 1003 3402 factumi
1049 3364 1081 3401 an
1101 3365 1152 3400 non
1175 3348 1240 3402 ordo

149 3419 260 3483 clarior,
277 3419 319 3470 ubi
336 3436 399 3472 unus
412 3419 485 3473 aliurn
502 3420 610 3491 quadam
626 3419 777 3472 eminentiae
792 3418 923 3488 praecedit
938 3417 1021 3470 notui
1055 3417 1077 3470 si
1089 3425 1241 3470 oeconomus

148 3490 175 3542 iu
194 3488 302 3542 ecclesia
321 3489 513 3554 Hlucbernensi,
537 3489 559 3541 si
577 3488 641 3541 elius
657 3488 682 3540 in
698 3487 895 3554 Χρυσοπηγῆς,
917 3504 964 3539 cur
986 3483 1108 3539 ecelesiae
1133 3503 1239 3554 magnae

149 3572 312 3625 oeconomus,
336 3565 365 3609 ut
375 3558 412 3610 iis
428 3557 526 3626 dignior
537 3559 578 3610 vel
590 3558 623 3609 ab
643 3556 896 3623 eis'dignoscendus,
917 3551 1037 3624 μεγάλου
1055 3572 1145 3608 nomen
1162 3573 1239 3608 recu-

149 3628 209 3682 set‘l
242 3627 505 3696 videntur,inquies,
522 3626 631 3680 inanium
649 3625 778 3678 titulorum
796 3624 959 3694 crepitacula.
993 3640 1082 3678 verum
1098 3623 1121 3678 si
1132 3625 1199 3706 apud
1211 3633 1239 3676 te

148 3697 328 3766 imperatorum
345 3696 449 3750 decreta
466 3695 650 3750 ecclesiasticas
666 3695 801 3761 dignitates
819 3693 899 3746 titulis
917 3692 972 3749 istis
982 3693 1119 3761 augentia,
1134 3710 1157 3746 ει
1178 3692 1239 3746 nibil

148 3765 227 3836 ipsius
245 3763 369 3818 ecclesiae
387 3765 521 3835 splendor,
539 3765 561 3818 si
577 3764 644 3818 ratio
661 3763 711 3814 iam
727 3763 824 3834 prolata
840 3760 1031 3831 uilobtineaut,
1047 3760 1106 3815 vide
1123 3779 1156 3814 ue
1166 3761 1239 3815 Lati-

149 3851 206 3888 nam
225 3834 355 3886 eeclesiam
372 3833 476 3904 paribus
487 3833 587 3904 probris
598 3832 720 3897 obiicias,
744 3849 775 3888 ac
792 3848 843 3886 non
859 3831 967 3887 absimili
986 3831 1088 3888 ratione
1099 3830 1147 3886 tibi
1163 3830 1197 3887 sit
1213 3830 1237 3884 ei

148 3903 218 3958 sacili
228 3904 260 3958 ad
271 3903 457 3974 obloquendum
469 3920 513 3958 ore
524 3899 724 3959 conviciandum.

582 4217 785 4232 m

193 4371 285 4424 codic.
300 4371 450 4442 Curopnlut.
467 4373 499 4426 de
513 4372 589 4440 offic.
