2802 4686
494 224 714 350 sucorum
741 281 825 352 mr.
854 281 884 355 1.
1184 283 1257 360 149

149 465 230 618 ppmt
250 439 289 513 dd.
308 444 494 528 matamors
516 445 561 514 mel
574 451 721 528 episcopum
733 467 782 528 per
799 447 942 510 amodum
957 449 1096 510 ostiarisem
1112 450 1259 512 intromissi

189 537 272 610 erint,
285 539 317 594 ut
332 528 411 592 tibere
425 538 451 592 et
463 533 594 610 intrepide
607 537 708 614 optimo
714 534 774 616 pide
786 535 901 596 dicerent
918 533 1012 614 potins
1028 533 1258 612 suffragarentur,

152 621 248 705 patos
261 638 313 680 mers
327 618 560 696 suffragarentur,
580 625 710 700 stqoare
752 620 822 679 lunc
844 625 1006 684 secretiorem
1029 621 1178 696 singularis
1194 643 1257 700 χει-

147 705 292 788 ροτονίας
319 703 422 777 locam,
445 705 550 784 opinor,
575 703 701 764 diamant
727 706 828 766 &aeci
842 709 994 766 recentiores
1011 699 1256 786 μονοβοὶμβολον,

149 785 235 874 mopsi
251 786 285 855 τὸ
299 781 451 872 admoueri
471 784 547 852 nard
564 783 661 874 pirae
677 783 844 872 duplicitate
850 836 860 868 ,
886 809 916 850 eo
930 791 1001 869 quod
1018 793 1048 849 im
1061 791 1116 848 loco
1130 793 1258 852 eiusmodi

149 881 264 954 rogatus
280 877 391 955 quisque
404 893 453 954 pro
459 873 518 953 fide
535 879 642 936 seorsim
656 879 811 936 senteutiam
826 895 903 936 snam
917 880 1050 934 teneretur
1067 879 1189 959 quamvis
1200 882 1256 936 trc-

141 963 213 1046 *pide
226 965 381 1036 enuntiare,
399 962 424 1018 si
440 979 513 1039 quern
533 981 585 1022 nan
607 981 661 1020 esse
683 954 887 1042 ἀνεπίληπτον
909 965 1070 1041 compere'sset
1088 961 1166 1040 (leaeo
1185 965 1254 1024 enim

150 1050 302 1108 testimonia
318 1052 345 1106 et
360 1047 540 1105 recusationes
558 1048 666 1106 nonnisi
678 1046 778 1124 trepide
792 1053 819 1106 et
831 1045 916 1106 tadn's
924 1046 1011 1125 same
1028 1046 1195 1106 tremmtibns
1211 1048 1256 1128 es-

144 1132 345 1214 fermentaret),
381 1137 430 1190 aret
456 1136 525 1190 certe
547 1131 628 1191 atteri
649 1133 794 1212 obstrepere
816 1137 844 1192 et
866 1131 1045 1192 detraheretis
1059 1134 1253 1192 existimatione

148 1223 244 1300 ε’ρείνε.
285 1224 325 1278 sa
342 1219 410 1277 asim
428 1209 595 1298 βαμβάλειν
609 1219 721 1278 Graecis
738 1221 856 1296 ψοφεῖν
875 1223 938 1292 τοῖς
954 1219 1077 1297 χείλεσι,
1091 1222 1142 1276 ant
1161 1221 1252 1294 etiam,

147 1311 180 1364 set
194 1307 223 1365 in
245 1302 382 1362 Glossan'o
405 1301 533 1378 tegimus,
562 1302 711 1379 lsaesitare,
734 1303 881 1378 vacillare,
902 1303 1035 1364 rotatae:
1057 1301 1104 1364 sed
1120 1305 1150 1362 in
1166 1301 1252 1362 locam

147 1393 206 1452 rori
217 1411 237 1452 ο
249 1387 336 1450 domes
351 1410 372 1450 a
387 1387 526 1464 suffectam
542 1395 597 1466 est,
618 1396 645 1449 ct
661 1381 897 1470 μονοβᾶμβολον
910 1395 1033 1468 corrupte
1045 1386 1157 1448 dietam.
1182 1387 1252 1464 quid

146 1479 193 1534 est
214 1475 329 1553 nugari,
354 1474 380 1532 si
399 1471 453 1534 hac
471 1491 529 1533 non
551 1469 618 1534 esti
643 1478 678 1532 ut
696 1475 770 1538 enim
784 1475 912 1534 omittam
927 1474 1091 1534 vanissimas
1108 1491 1198 1550 nugas
1214 1471 1252 1532 de

146 1560 349 1637 suffragatione
371 1564 401 1617 et
419 1557 572 1638 electione,
602 1561 747 1636 Quomodo
763 1561 879 1619 admissi
893 1565 960 1619 sunt
972 1565 1006 1618 ut
1021 1556 1106 1617 libere
1119 1565 1149 1617 et
1161 1559 1251 1617 intre-

145 1647 213 1727 pide
228 1647 385 1704 indicarent
404 1644 505 1720 quibus
522 1645 760 1723 suffragarentur,
783 1647 808 1722 si
828 1646 911 1723 haec,
930 1651 963 1704 ut
978 1649 1080 1723 postea
1098 1645 1155 1722 ait,
1177 1662 1251 1702 non·

145 1729 200 1794 uisi
222 1732 323 1810 trepide
347 1736 378 1788 et
398 1729 484 1788 tetris
507 1733 676 1788 trementibus
694 1731 787 1788 efferri
809 1729 919 1809 solent,
939 1735 969 1789 et
989 1731 1014 1789 si
1034 1731 1063 1787 in
1077 1729 1121 1788 his
1136 1747 1252 1787 necesse

143 1823 190 1876 est
212 1811 394 1898 βομβάλειν,
421 1813 553 1896 haesitare
571 1819 602 1874 et
617 1815 778 1900 fluctuare?
819 1817 871 1874 sed
894 1815 987 1890 valeat
1009 1813 1148 1872 bambalio
1178 1815 1249 1872 iste:

144 1917 198 1960 mos
223 1901 349 1978 legamus
375 1892 608 1978 porcipmoallav
640 1919 691 1958 seu
713 1893 939 1977 μονάμπουλον.
988 1905 1022 1958 ut
1049 1899 1123 1958 enim
1147 1899 1249 1974 prioris

144 1986 251 2046 ostiarii
270 1991 315 2044 est
329 1986 408 2044 iares
426 1985 569 2052 custodire
595 1985 663 2042 dum
682 1985 802 2044 ministri
830 1984 976 2064 eeclesiae,
1005 1985 1115 2042 diaconi
1133 1983 1250 2041 subdia-

142 2073 207 2132 coni
224 2071 385 2130 sacerdotes
401 2069 544 2147 episcopi,
569 2070 734 2128 ordinentur
754 2074 784 2129 et
797 2070 960 2148 initiantur,
980 2070 1023 2128 ita
1036 2069 1118 2128 huius
1133 2067 1249 2128 secundi

143 2158 252 2216 ostiarii
274 2161 319 2216 est
348 2161 444 2215 tenere
466 2153 618 2230 ampullam
640 2173 725 2214 unam
739 2160 770 2212 et
786 2154 892 2233 solam,
915 2159 949 2213 ut
964 2155 1184 2232 distinguatura
1204 2154 1248 2210 ‹li-

142 2241 294 2320 bampulo,
319 2242 432 2320 dequo
454 2241 528 2298 infra
549 2240 587 2297 ad
608 2259 638 2316 p.
657 2241 698 2302 44
717 2240 771 2303 10.Ὶ
808 2247 869 2300 erat
890 2246 983 2300 autem
1003 2241 1033 2298 in
1054 2237 1177 2316 arnpulla
1192 2239 1248 2298 hac

141 2329 264 2388 chrisma
279 2327 318 2386 ml
330 2327 491 2394 unctioaem
507 2326 684 2394 secerdotum
696 2331 726 2384 et
739 2325 934 2402 episcoporum
947 2325 1147 2402 necessarium,
1171 2343 1248 2382 eam

142 2434 198 2492 que
211 2414 328 2472 tenebat
341 2413 396 2470 iste
414 2411 565 2486 ostiarius,
584 2415 618 2468 ut
641 2411 672 2468 ia
691 2415 826 2488 promptu
845 2412 944 2471 statim
960 2413 1050 2488 foret,
1076 2411 1101 2468 si
1120 2410 1247 2469 initiator

139 2503 310 2577 reposceret.
352 2517 438 2574 porro
459 2495 586 2556 voculam
604 2496 723 2574 ampulla
738 2497 822 2555 etiem
836 2497 937 2556 Graeci
952 2498 1079 2555 fecerunt
1092 2514 1172 2555 suarm
1186 2490 1247 2575 dp-

140 2591 238 2650 πονλα
260 2582 305 2644 vel
328 2578 495 2658 dpaavltu.
551 2578 650 2640 Aetius
669 2581 688 2642 I.
709 2586 743 2646 7:
777 2577 953 2656 domentiae
981 2579 1105 2660 dentone
1128 2574 1247 2661 πλήσας

140 2670 258 2746 ilatum,
286 2673 320 2728 ut
346 2669 385 2727 sit
408 2687 458 2726 cur
481 2685 519 2724 eo
534 2666 626 2725 miuus
648 2666 755 2726 mireris
779 2661 814 2730 al
829 2661 1045 2750 μονᾶμβονλον
1062 2663 1115 2728 nal
1136 2661 1170 2728 cd
1197 2665 1245 2728 δι-

139 2751 329 2840 diaconiae.

211 2871 235 2936 p.
246 2854 263 2907 6
282 2871 307 2906 v.
320 2855 345 2907 1.
363 2849 545 2916 Patrisrclree,
563 2845 628 2900 sicut
639 2849 666 2900 et
674 2848 835 2918 imperatori,
852 2849 998 2920 praefertur
1007 2847 1075 2917 ignis
1086 2846 1112 2900 in
1123 2845 1243 2916 ecclesie,

140 2921 186 2976 tax
198 2922 311 2975 nimirum
322 2937 430 2974 accensu
441 2919 531 2972 heatae
541 2933 617 2987 quem
629 2924 734 2971 ornatae
746 2919 835 2973 sitiret.
869 2924 979 2972 vocatur
988 2917 1033 2970 illa
1043 2911 1244 2986 perciperentur

141 2986 191 3044 asi
203 2988 235 3044 cd
253 2988 343 3059 μόνην
360 2989 474 3043 duceret
494 2987 563 3041 aliud
574 2987 638 3039 ‘eius
653 3003 745 3041 namen
763 2995 804 3042 est
821 2985 958 3058 λαμπρόν.
992 2985 1141 3056 imperatori
1156 3002 1243 3038 reser-

141 3066 218 3112 vatur
232 3057 436 3130 teddpaoatam.
471 3055 717 3124 deutroqucl'usius
730 3075 752 3112 c.
765 3058 800 3112 15
812 3057 839 3112 iu
856 3057 932 3110 notis.
966 3055 1241 3112 consuleBalsamonis

139 3129 293 3184 meditatum
311 3129 344 3182 de
359 3127 561 3197 patriarcharum
581 3125 722 3197 privilegiis
745 3127 814 3182 lusis
841 3128 893 3182 GR
910 3127 928 3182 l.
945 3127 971 3182 7.
1005 3143 1085 3212 porro
1104 3119 1250 3177 secundani

137 3199 208 3252 huuc
220 3198 350 3250 ostiarium
358 3197 465 3281 proprio
478 3197 579 3248 nomine
589 3204 686 3248 vocant
703 3196 829 3248 Allatiuua
844 3212 1111 3266 asouecaeppaperars
1129 3188 1145 3248 ὁ
1163 3210 1243 3263 περι-

138 3261 342 3336 ειοερχόμενος,
357 3265 492 3336 inquiunt,
510 3263 558 3317 ira
572 3261 645 3336 φέρῃ
659 3260 786 3334 λαμπρὸν
803 3260 843 3328 εἷς
858 3263 911 3334 τὴν
927 3257 1084 3334 ἐκκλησίαν.

223 3371 288 3432 ibid.
313 3368 399 3433 Nunc
412 3372 449 3430 ad
458 3374 645 3448 protopapam
657 3390 702 3430 me
711 3371 840 3445 conier03
855 3389 939 3446 quem
954 3371 994 3430 sic
1008 3369 1140 3430 describit
1150 3370 1238 3430 Cocli·
1256 3379 1279 3434 Ρ
1299 3377 1349 3434 172

137 3478 207 3520 uus:
225 3456 344 3530 ἔκδικος
363 3455 415 3518 nul
425 3459 543 3536 πρῶτος
562 3451 775 3536 τοῦ.βη’μοτος,
787 3454 839 3517 καὶ
852 3454 954 3538 φέρων
968 3452 1006 3517 roi
1018 3458 1168 3536 δευτερεῖα
1184 3459 1242 3520 τοῦ

138 3540 299 3625 ἀρχιερέως
312 3541 430 3620 defensis·
445 3549 470 3602 et
484 3545 585 3622 primm
598 3542 742 3602 tribunalis
758 3539 813 3620 (sic
824 3543 898 3600 enim
912 3541 1023 3606 lunius:
1042 3562 1096 3620 ego
1111 3544 1239 3604 taberna-

138 3631 195 3690 cute'
213 3649 264 3688 seu
281 3628 392 3688 altaris:
418 3628 502 3707 βῆμα
521 3627 594 3686 enisu
611 3628 658 3687 hic
673 3631 718 3688 est
737 3626 814 3686 locus
835 3627 950 3685 interior
970 3633 1000 3686 et
1020 3629 1159 3705 sanctior,
1188 3628 1239 3686 ubi

135 3717 299 3775 sacrificium
309 3712 482 3792 peragitur),
505 3717 642 3791 prosimos
655 3736 674 3775 a
683 3715 808 3794 pontifice
822 3715 946 3776 attinens.
990 3732 1049 3772 nou
1063 3719 1157 3772 tamen
1170 3713 1238 3772 sim·

136 3801 244 3878 pliciter
258 3799 338 3881 (nam
350 3797 535 3858 exocatacoeli
548 3799 655 3874 absque
669 3799 754 3857 dubio
772 3798 896 3877 potiores
913 3803 995 3859 erant
1012 3799 1179 3876 maiorisque
1194 3800 1238 3856 di-

136 3888 253 3964 gnitatis
273 3892 303 3946 et
323 3883 520 3964 excellentiae)
548 3885 600 3944 secl
619 3886 693 3945 inter
715 3884 891 3962 sacerdotes,
918 3890 952 3944 ut
976 3884 1081 3944 Citrius
1101 3884 1237 3960 loquitur,

134 3968 261 4046 κοινούς
283 3976 444 4049 protopepa
463 3971 569 4047 primus
587 3977 650 4030 eret
672 3975 702 4030 et
720 3971 761 4028 sic
780 3970 923 4048 proximus
943 3989 961 4031 a
979 3969 1154 4048 patriarcha,
1173 3985 1236 4043 seu,

136 4060 215 4134 quad
226 4059 302 4118 idem
317 4065 378 4136 est,
401 4057 540 4117 secundus
553 4076 572 4116 a
583 4057 850 4134 patriarchaferens.

204 4173 269 4227 ttid.
304 4172 407 4228 Clarius
423 4167 567 4226 Allatienas
592 4168 608 4226 ri
623 4171 815 4238 πρωκοκοιποῗς
832 4169 940 4224 ἵσταται
963 4161 1058 4222 ἐπάνω
1073 4165 1129 4218 coir
1145 4159 1234 4230 όφφι-

134 4240 204 4328 κίρορ
227 4241 279 4326 rapi
305 4237 449 4328 εὐωνύμου
469 4241 574 4330 poponi,
596 4235 668 4326 igar
690 4243 845 4324 teoraaopfi
865 4235 882 4292 d
908 4232 1059 4321 ἀρχιερεύς.
1092 4232 1235 4316 μετριδίδεξ

135 4329 222 4375 aoros
235 4329 288 4382 την
304 4312 388 4384 apiae
410 4316 567 4386 pecatnrpsr
588 4329 628 4384 cp
653 4305 779 4382 ἀρχιερεῖ
782 4349 790 4380 ,
812 4307 913 4378 spatae
931 4304 980 4360 καὶ
995 4324 1012 4358 0
1033 4317 1176 4372 uetttttvs
1194 4319 1234 4372 vt>
