2782 4686
373 1049 1053 1168 nnmmrusmos.n.n.rnmcn1
1121 1161 1124 1170 .

168 1211 662 1366 Mrounnnr
710 1261 1258 1392 nnznnrna

270 1496 620 1590 AQUENSIUM
661 1499 1158 1581 ARCHIEPISCOPO.

623 1767 680 1774 m-
692 1769 766 1777 ----.-.
781 1769 795 1774 ..
821 1770 824 1774 .

169 1949 307 2085 Quanto
326 1989 415 2066 magis
435 1988 542 2048 aemma
563 1987 732 2048 Graecarum
746 1991 837 2050 Gallia
860 1991 1016 2069 literarum,
1040 1989 1264 2049 Eminentisaime

167 2089 342 2168 Cardinalis,
367 2091 508 2170 primaeva
520 2109 577 2148 non
590 2091 702 2148 inferior
711 2094 830 2170 pietate,
857 2093 963 2171 imperii
977 2091 1114 2167 dignitate
1126 2108 1200 2166 nunc
1213 2107 1265 2165 po-

165 2193 240 2269 tior,
266 2197 348 2251 tanto
365 2193 418 2250 sibi
433 2189 550 2248 Graecia
562 2191 696 2265 pristinae
709 2190 871 2248 eruditionis
886 2189 1025 2267 religionis
1042 2187 1193 2244 maiestatis
1206 2201 1265 2247 me-

165 2313 228 2353 mor
241 2291 353 2367 quaerit
366 2289 509 2348 ardentius
523 2289 630 2346 Galliae
644 2281 827 2368 praesidirun3
855 2297 885 2349 et
905 2310 961 2367 quo
982 2289 1171 2349 vehementius
1189 2289 1265 2348 Galli

165 2413 294 2473 proceres
314 2391 468 2471 sapientiae
484 2389 661 2449 Athenaeum
683 2392 825 2470 ambiunt,
856 2411 891 2451 eo
913 2392 1011 2451 maiori
1029 2391 1116 2469 gestit
1135 2392 1265 2450 ubertate

166 2497 331 2574 gaudiorum
343 2494 470 2552 Codinus
491 2487 667 2570 σοφωτάτου
687 2513 789 2552 nomen
812 2496 931 2574 adeptus
944 2515 1024 2554 suum
1038 2494 1092 2552 hoc
1105 2495 1142 2551 de
1155 2493 1264 2551 Officiis

167 2596 357 2656 ecclesiasticis
374 2600 404 2652 et
421 2592 552 2672 palatinis
566 2613 637 2672 opus
651 2615 669 2652 a
680 2595 767 2654 Gallis
785 2601 899 2655 aeterna
916 2597 1123 2655 consecratione
1134 2595 1264 2654 dedicari.

164 2706 247 2758 extra
266 2698 402 2776 patriam,
428 2695 494 2754 licet
509 2715 566 2754 non
583 2696 714 2774 ignotus,
737 2717 829 2756 errare
842 2699 1000 2775 videretur,
1021 2699 1051 2756 ni
1070 2698 1176 2776 patrios
1195 2715 1262 2756 suos

168 2800 365 2860 ecclesiasticos
380 2799 550 2876 proceresin
563 2799 713 2856 sacrarium
726 2799 821 2864 Tuum
839 2801 988 2878 reciperet,
1012 2799 1115 2858 audicos
1135 2799 1165 2855 in
1185 2798 1263 2876 pala·
1324 2790 1327 2798 ’

168 2904 239 2964 tium
258 2902 417 2978 induceret,
450 2889 557 2976 inquo
579 2902 669 2960 avitae
687 2902 828 2980 religioni,
857 2900 939 2959 simul
960 2919 993 2958 ae
1009 2901 1103 2976 regiae
1124 2897 1265 2956 maiestati

154 3006 265 3063 sedem
278 3005 398 3083 pararet.
431 3001 575 3060 albicantis
591 3005 644 3062 sub
658 3003 723 3063 Tua
735 3023 860 3085 purpura
871 3004 958 3062 vestis
971 3004 1092 3060 candore
1104 3007 1263 3080 perspecto,

167 3107 296 3164 intimum
311 3103 394 3163 ammi
408 3101 464 3161 Tui
481 3105 629 3166 candorem
641 3109 759 3166 coniecit
772 3093 825 3165 nec
844 3106 978 3183 imparem
998 3102 1162 3162 eminentiae
1181 3101 1262 3159 nobiL

169 3205 291 3278 litatem;
330 3204 570 3284 patriarchamque
589 3227 670 3269 suum
694 3229 757 3268 cum
781 3207 910 3267 ecclesiae
937 3225 1056 3282 magnae
1084 3203 1265 3282 optimatibus

170 3309 266 3385 modo,
279 3325 341 3364 cam
355 3327 407 3366 nec
419 3307 499 3386 luget
512 3329 563 3367 nec
574 3309 679 3369 ieiunat
688 3311 744 3388 illa,
760 3309 879 3370 candido
890 3307 981 3366 colore
991 3307 1154 3384 fulgentem,
1169 3303 1265 3382 modo,

170 3410 195 3466 si
208 3409 314 3467 luctum
333 3407 378 3466 vel
394 3409 524 3474 ieiunium
538 3411 684 3489 indixerit,
709 3429 850 3492 purpureo
866 3427 1026 3484 coruscum,
1050 3409 1081 3466 in
1092 3408 1178 3467 sacris
1192 3405 1264 3464 Tuis

170 3508 287 3567 aedibus
302 3507 347 3566 Te
367 3511 472 3586 colere3
495 3507 690 3592 imperatorem
710 3533 777 3572 vero
793 3511 887 3570 curiali
900 3530 952 3568 suo
970 3511 1103 3570 comitatu
1119 3510 1264 3588 stipatum,

170 3629 285 3670 aureum
308 3614 433 3686 quamvis
456 3619 486 3672 et
509 3635 680 3694 purpureum
699 3617 902 3691 undequaque,
943 3613 967 3670 si
990 3613 1164 3671 maiestatem
1187 3609 1264 3669 nullo
1326 3612 1331 3621 '

168 3706 296 3771 'maerore
310 3713 498 3776 obnubilatam
511 3718 651 3796 proferat,
678 3717 802 3775 candidis
821 3722 919 3774 contra
931 3715 1054 3774 vestibus
1068 3716 1212 3790 amictum,
1238 3711 1264 3768 si

171 3817 276 3874 luctum
299 3797 438 3895 testetur,
477 3809 522 3876 Te
539 3819 664 3876 venerari
685 3824 715 3876 et
736 3819 766 3876 in
786 3819 873 3877 musei
888 3817 945 3875 Tui
962 3819 1110 3878 secretiore
1127 3812 1264 3895 penetrali

173 3918 245 3976 Tuis
266 3919 384 3997 pedibus
404 3920 513 3979 advolvi
527 3926 652 4000 exoptat,
675 3927 705 3980 et
718 3939 792 3979 nunc
805 3909 906 3980 amisso
920 3919 1045 4000 imperio,
1068 3920 1105 3976 ad
1124 3914 1264 3976 felicitatis

172 4025 345 4100 reparandae
365 4040 464 4100 omen,
493 4024 655 4101 priusquam
671 4023 772 4081 iterato
793 4041 824 4080 se
843 4021 986 4100 proferat,
1012 4023 1043 4079 in
1065 4020 1131 4079 Tuo
1151 4015 1264 4074 nomine

172 4143 307 4200 apparere
324 4125 457 4203 postulat.
498 4125 529 4184 id
555 4135 623 4184 sane
638 4124 740 4183 Codini
764 4141 835 4202 opus
851 4129 912 4201 est,
937 4124 1014 4199 quod
1041 4140 1100 4180 non
1117 4117 1266 4178 crediderit

173 4227 271 4286 merito
298 4227 435 4308 quispiam
461 4232 506 4287 tot
532 4227 681 4296 dicandum
699 4225 856 4285 horninibus
884 4230 956 4301 quot
975 4223 1078 4282 Officia
1097 4219 1265 4300 percensuit,
