2798 4690
188 273 264 346 ooo
347 273 556 346 canosum
570 274 627 346 ur
640 273 772 344 coam
788 273 1124 344 commoneamus

142 447 144 454 “
183 440 257 519 bet,
277 459 420 520 quemque
431 447 534 524 postea
556 438 687 518 religiose
704 438 894 519 particulatim
913 439 1115 518 comedebant,
1133 445 1229 522 uenit,
1251 445 1299 506 in-

185 545 285 602 quam,
308 532 446 606 pooogs'oe
460 539 571 588 nomeu.
614 525 725 586 muniit
738 531 833 586 eutem
852 528 975 607 puoogia
995 527 1080 588 etiam
1099 529 1137 586 nd
1151 533 1298 609 posterio—
1380 607 1381 610 Ἴ

183 631 230 672 rea
253 613 386 672 Graecos.

251 693 301 746 Dei
325 691 491 762 genitricem,
517 707 566 746 eeu
590 707 625 746 ex
643 689 711 744 omni
732 696 807 760 parte
831 697 946 746 sancum
970 695 998 744 et
1014 697 1162 748 sauctorum
1181 695 1294 750 omnium

186 761 382 828 sanctissimam,
414 757 653 828 dvcoeopecsmoio
682 759 796 814 Graecia
819 762 962 828 παναγίαα
986 778 1019 814 ex
1042 778 1116 814 more
1145 773 1290 834 nuncupat.

181 830 321 885 bucceliam
338 846 441 901 quoque
478 829 532 882 auia
549 837 620 882 certo
638 829 691 882 ritu
708 827 734 880 in
752 845 854 882 mensae
870 829 922 882 line
942 829 1123 884 comedendam
1136 832 1226 886 eodem
1239 851 1293 885 no*-

182 899 249 952 mine
271 897 414 986 παναγζαν
437 849 582 984 religiosior:
597 904 676 950 rooat
695 913 770 951 nense
793 911 846 982 vas.
858 899 985 982 antemio
1002 915 1054 968 quo
1072 901 1221 984 reconditur
1245 904 1292 956 rel

179 966 1212 1105 tt?lttmftblttttlmwt'ohttttttlte
1226 988 1292 1110 ,¹321
1380 1017 1381 1036 ¹

186 1105 291 1160 ficiunte
318 1125 368 1177 qua
385 1107 484 1160 ratione
501 1105 604 1176 expleat
624 1105 777 1176 imperator,
798 1112 980 1160 commonstrat
991 1115 1082 1160 auctor
1099 1114 1186 1162 noster
1202 1109 1229 1162 iu
1244 1127 1293 1164 se-

186 1175 341 1244 quentihus,
366 1178 502 1230 monachos
523 1191 554 1229 ea
576 1192 605 1228 se
626 1173 763 1229 devotione
785 1183 935 1232 exercentes
959 1174 1082 1229 describit
1104 1175 1292 1231 eruditissimus

184 1243 295 1298 Allatius
317 1246 349 1298 de
373 1246 416 1298 lib.
443 1245 516 1298 llccl.
535 1245 648 1298 Graece.
668 1244 796 1298 dissertat.
821 1243 1093 1314 subvertamus
1114 1245 1150 1300 ait
1168 1247 1292 1300 Graeco-

184 1327 243 1366 rum
266 1315 317 1368 ista
339 1313 514 1386 rituspaocia
536 1313 685 1384 expediam,
708 1321 739 1367 ut
778 1313 805 1366 oi
823 1319 863 1366 tot
879 1329 960 1382 οσςσσ
976 1314 1003 1369 in
1020 1313 1128 1368 medium
1143 1319 1292 1386 proterunt,

185 1381 236 1438 iam
250 1383 366 1438 desinent
380 1384 497 1466 ineptire
523 1391 658 1452 antequam
680 1331 797 1436 monadi
819 1382 846 1438 iu
867 1397 980 1438 nemum
1003 1383 1161 1453 procedant,
1186 1386 1241 1455 (oni
1261 1386 1291 1439 id

185 1469 251 1504 onus
267 1451 403 1516 incumbit,
425 1453 464 1506 rlli
480 1447 632 1521 ἐφημέριον
650 1451 755 1520 vocant)
779 1451 804 1504 in
829 1451 973 1506 diaconive
997 1452 1105 1506 anatella
1120 1453 1170 1522 (illi
1191 1471 1292 1508 nuncu-

184 1528 248 1590 pant
267 1517 467 1590 παναγιοξριοα)
494 1529 626 1592 acceptum
651 1537 742 1592 panem
765 1519 896 1574 adinstar
914 1519 998 1574 crucis
1015 1520 1042 1573 iu
1058 1531 1181 1591 quattuor
1196 1523 1292 1577 dividit

183 1598 272 1660 partes
290 1591 428 1660 aequdes,
446 1607 479 1644 ex
496 1590 591 1660 angulo
613 1589 728 1642 interiori
751 1589 825 1662 panis
847 1589 973 1643 abscindit
996 1591 1105 1644 frustum
1126 1591 1209 1644 crdtro
1236 1593 1291 1645 cir-

97 1712 99 1724 ,
185 1658 310 1716 comicos.
328 1659 392 1712 eden
411 1665 442 1712 ut
457 1677 490 1712 ex
506 1677 557 1713 una
575 1666 648 1728 parte
665 1659 751 1727 anguli
775 1658 932 1711 acuminatus
948 1660 998 1725 sit,
1019 1677 1052 1712 ex
1068 1659 1152 1713 altero
1169 1661 1290 1715 circulari

222 1745 269 1780 ura
287 1727 404 1796 trigonus
420 1729 585 1798 imperfectus
608 1735 749 1812 apparente
771 1735 799 1780 et
821 1727 858 1782 sic
881 1727 993 1782 exdram
1016 1743 1063 1782 auo
1082 1729 1141 1784 looo
1162 1746 1214 1788 una
1229 1747 1289 1784 cum

182 1795 282 1916 pinique
306 1798 470 1922 ροοοισίιιὶιοΙ
492 1797 581 1918 unitpi⁸
588 1795 719 1918 rehnppuit.
748 1813 840 1865 punem
857 1796 895 1850 sic
913 1797 1128 1872 accommodatum
1145 1799 1196 1852 alia
1212 1808 1289 1870 perte

203 1881 248 1916 oser
265 1883 312 1919 eoo
332 1883 368 1918 en
405 1884 415 1918 1
461 1883 526 1921 eorm
583 1881 653 1918 cuer

183 1883 329 2003 aupen'orii²
341 1936 422 2005 partis
440 1935 513 1989 oculo
538 1933 689 2001 colligatus,
714 1941 745 1988 ut
761 1935 835 1987 modo
853 1951 987 2005 capsarum
1004 1935 1171 2002 includatur,
1182 1937 1222 1992 sin
1239 1937 1289 1992 mi-

182 2017 231 2055 nas
246 2005 313 2057 reto.
329 2010 358 2056 et
369 2004 406 2058 sie
423 2005 532 2088 apponit
555 2003 582 2056 in
598 2019 700 2072 mnae,
720 2003 746 2056 ln
763 2019 816 2073 qua
830 2003 903 2058 aolus
921 2005 1001 2058 abbas
1025 2005 1069 2058 vel
1090 2023 1287 2076 proegumeeus,

179 2071 227 2138 qui
242 2073 340 2126 seilicet
356 2075 458 2128 abbans
475 2087 579 2126 manare
594 2080 672 2126 suma
691 2071 828 2126 deiunctae
842 2073 943 2140 tuerat,
967 2076 1009 2126 vel
1026 2073 1071 2142 qei
1094 2075 1210 2139 abbatim
1227 2076 1287 2130 dum

180 2139 225 2197 ille
243 2142 332 2208 abest,
349 2143 432 2196 locum
448 2148 539 2210 tenet,
569 2147 597 2196 et
613 2141 726 2196 desolor
743 2141 890 2213 appellant,
915 2140 1019 2196 assidet.
1037 2141 1110 2196 finito
1159 2145 1235 2198 nodio
1257 2153 1288 2199 et

180 2209 255 2278 signo
272 2211 333 2264 dato
350 2211 376 2264 lu
398 2211 483 2264 contio
508 2211 559 2279 (ita
581 2209 632 2280 ipsi
657 2217 750 2263 vocant
773 2209 946 2279 campanulum
971 2229 1004 2264 ex
1027 2229 1088 2265 aare
1104 2213 1130 2266 ie
1148 2216 1286 2284 relectum)

180 2293 268 2332 omnes
286 2289 432 2348 assurgunt,
450 2288 477 2334 et
494 2280 625 2350 conceptis
641 2279 761 2349 precibus
784 2279 879 2334 discen
895 2279 966 2334 illum
983 2297 1040 2334 cum
1056 2297 1134 2364 parre,
1152 2283 1197 2352 qui
1213 2301 1285 2336 παν-

180 2347 248 2414 αγία
262 2354 319 2414 est,
336 2350 495 2419 ephemerina
512 2348 633 2403 sustollit.
661 2349 821 2418 postmodum
837 2355 953 2401 reserato
971 2350 1136 2418 peragratio,
1155 2359 1183 2406 et
1198 2353 1285 2406 frusto

180 2415 225 2470 illo
243 2435 258 2470 e
275 2435 341 2488 pane
356 2419 443 2472 exciso
461 2435 585 2472 converso
602 2425 632 2470 ut
647 2418 713 2472 mica
729 2417 798 2472 nuda
813 2417 931 2500 superior
946 2417 994 2482 ait,
1020 2427 1171 2489 praecentet
1186 2422 1286 2487 abbud,

178 2485 225 2554 qui
249 2487 368 2540 extremis
392 2487 480 2556 digitis
502 2487 618 2542 miculam
644 2486 735 2556 arripit
758 2494 787 2542 et
813 2503 852 2540 ou
875 2487 1019 2556 impositam
1041 2489 1166 2556 absumit;
1191 2491 1286 2546 dmude

179 2556 239 2610 aliia
255 2555 384 2609 monachis
399 2565 503 2610 serrato
521 2555 610 2610 ordine
627 2555 751 2622 offertur,
768 2555 812 2628 qui
830 2555 918 2608 eedem
936 2555 1011 2610 modo
1031 2557 1146 2612 miculam
1158 2577 1191 2613 ex
1203 2577 1283 2630 pena-

180 2623 263 2692 gian'o
280 2627 399 2678 auferunt
415 2633 442 2678 et
459 2625 601 2680 comedunt.
617 2631 672 2679 tum
688 2626 769 2678 abbas
786 2624 870 2677 vinum
888 2624 960 2678 calici
983 2626 1094 2679 infusum
1112 2625 1191 2695 bibit,
1208 2646 1285 2699 quern

178 2709 270 2748 omnes
286 2703 443 2766 sequentum·
461 2703 487 2749 et
504 2695 595 2764 gratiis
612 2695 660 2747 deo
680 2694 745 2748 actis
762 2693 906 2747 discedunt.
930 2700 958 2747 et
975 2693 1016 2746 hie
1040 2702 1081 2748 est
1102 2697 1191 2751 modus
1208 2699 1285 2751 exel-

175 2763 253 2816 vtandi
268 2763 420 2834 panagium,
441 2765 558 2835 quemvis
575 2763 619 2817 alii
636 2763 684 2817 alio
706 2779 810 2832 quoqne
825 2763 900 2817 modo
924 2771 1090 2835 praeparent.
1116 2779 1174 2819 nem
1191 2783 1285 2822 seecu-

672 1884 688 1919 e
704 1872 866 1937 comparatur
888 1865 991 1920 cardine
1015 1883 1047 1919 es
1064 1884 1116 1920 una
1139 1877 1214 1938 parte
1230 1886 1289 1922 cum

53 2827 70 2870 '·
178 2831 252 2885 lares
268 2849 325 2884 cum
342 2833 448 2888 solemni
465 2833 584 2886 coavivio
599 2831 672 2888 eirea
696 2833 753 2885 excr‘
773 2833 842 2898 ⁸unt,
867 2839 926 2902 post
950 2849 1075 2900 mensam,
1099 2833 1125 2888 iu
1150 2835 1285 2890 dexteram

183 2899 377 2960 adolescentuli.
402 2921 434 2956 ex
458 2902 527 2956 clero
551 2910 650 2969 tamen,
677 2902 753 2972 paulu
766 2918 805 2954 um
833 2909 990 2954 contractam
1015 2911 1041 2954 et
1067 2903 1142 2958 volae
1163 2905 1286 2960 sinistrae

181 2969 324 3023 impositam
342 2987 374 3022 ex
391 2987 457 3040 pene
472 2978 642 3052 praeparant,
668 2977 694 3021 et
710 2970 841 3039 conceptis
862 2970 980 3038 precibus
997 2973 1117 3026 sacerdos
1135 2973 1170 3026 ibi
1195 2983 1285 3028 estam

176 3037 276 3158 primus
294 3035 382 3089 micam
400 3039 506 3108 accipit,
524 3049 614 3108 postea
633 3038 689 3090 aliis
708 3039 855 3091 adolescens
872 3040 1000 3106 suggerit;
1016 3042 1084 3110 quod
1104 3043 1284 3113 remanetipae

192 3105 337 3158 umanihua
350 3106 534 3160 maximarum
551 3106 715 3160 reseratione
738 3107 891 3164 consumit.·‘
914 3109 978 3161 haec
1001 3109 1058 3174 illee
1084 3111 1128 3180 qni
1151 3127 1208 3164 cum
1231 3112 1283 3166 alio

177 3190 284 3244 quoque
300 3174 374 3228 modo
388 3175 539 3244 praeparari
556 3176 716 3243 consentiat,
741 3193 815 3246 quem
838 3176 894 3245 ipse
917 3179 1080 3232 observatum
1098 3181 1219 3249 probavi,
1235 3199 1283 3236 ac·

179 3261 211 3296 ce
229 3250 256 3296 ta
275 3243 322 3297 viri
346 3243 489 3299 amicissimi
514 3244 605 3311 venia,
627 3243 786 3314 subiungam.
808 3252 908 3300 remote
928 3263 1014 3300 mensa
1036 3267 1052 3300 e
1073 3249 1180 3303 fratrum
1205 3257 1283 3304 coetu

181 3329 197 3364 a
220 3312 273 3378 uit,
292 3311 337 3387 qui
356 3313 420 3366 alios
437 3313 591 3384 paenitentia
612 3313 764 3384 praemissa,
788 3313 838 3368 hoc
855 3323 894 3367 est
910 3317 1025 3402 corporis
1042 3317 1218 3372 incurvatione
1234 3337 1283 3374 ve-

171 3389 301 3446 neratus,
325 3381 404 3436 dixit:
429 3379 564 3452 εὐλογεῖτε
587 3379 704 3452 πατέρες
725 3381 817 3452 ἅγιοι,
841 3381 1034 3452 σογχωρησατέ
1057 3403 1106 3454 por
1128 3388 1171 3472 api
1191 3385 1282 3457 ἅμαρ-

178 3451 267 3522 rmtqi.
284 3452 381 3505 eunctis
398 3447 414 3506 ὃ
433 3448 503 3516 θεὸς
517 3451 678 3524 συγχωρήσῃ
696 3451 921 3523 respondentibus,
938 3453 1073 3522 imaginem
1092 3457 1117 3510 b.
1135 3455 1241 3526 virginis
1255 3459 1282 3510 in

114 3547 116 3552 ·
177 3537 249 3572 muro
266 3521 374 3590 positam
398 3522 508 3576 adoreas
533 3540 565 3576 ao
591 3529 650 3576 ture
671 3522 855 3591 suffumiqaea,
879 3521 987 3575 vicinum
1012 3522 1117 3594 imagini
1140 3543 1232 3595 paoem
1254 3527 1282 3579 in

177 3589 249 3640 disco
263 3591 402 3659 repositum
424 3592 541 3646 extremis
559 3592 644 3646 aufert
669 3590 755 3661 digitis
782 3603 809 3644 et
833 3592 860 3644 iu
889 3592 998 3644 omnium
1023 3602 1160 3665 conspectu
1184 3595 1280 3662 elevat,

178 3657 265 3710 dicens
281 3653 350 3726 μέγα
367 3653 399 3714 cd
422 3655 521 3729 ὄνομα.
540 3661 694 3714 subiunxere
711 3659 794 3714 cuncti
811 3659 861 3728 τῆς
879 3653 960 3728 ἁγίας
984 3658 1106 3727 τριάδος.
1129 3663 1281 3717 illectore-

196 3725 225 3777 ία
243 3725 376 3796 doctriua,
393 3725 493 3798 βοήθει
511 3725 588 3798 ἡμῖν.
607 3729 760 3798 respondent
777 3729 820 3782 alii
830 3731 892 3788 ταῖς
908 3725 995 3798 αὐτῆς
1006 3731 1162 3802 πρεσβείαις
1178 3727 1194 3786 ὁ
1212 3727 1282 3795 θεὸς

178 3745 293 3862 ilinoou
308 3793 357 3848 eol
372 3798 462 3850 σῶσον
477 3794 559 3865 ἡμᾶς.
578 3813 635 3851 mex
652 3798 768 3851 omnibus
790 3814 898 3854 accenso
922 3805 979 3851 ture
999 3800 1125 3869 expiatis,
1142 3799 1280 3868 τραπεζσῖ-

175 3882 231 3932 ροο
247 3866 410 3933 refectorarii
426 3867 549 3935 obsequio
567 3867 704 3922 buccellam
722 3867 828 3920 divisam
848 3884 934 3920 omnes
952 3885 1146 3938 consumpsere;
1163 3878 1192 3924 et
1209 3889 1281 3924 eom-

178 3951 254 3988 mune
272 3935 386 4002 poculum
403 3935 523 4004 deiparae
542 3935 641 3988 nomine
657 3937 816 3990 benedictum
829 3935 944 3989 devotius
958 3939 1108 3994 exhausere.
1125 3941 1192 3994 uude
1204 3941 1282 3994 ritum
1380 3967 1381 4004 ι

179 4005 246 4056 Ιιιιιιο
264 4004 419 4072 processisse
435 4003 566 4058 eifirment
583 4005 696 4071 Graeci,
721 4007 884 4080 exipsorum
901 4006 1026 4058 sententia
1043 4007 1165 4078 librisque
1182 4011 1281 4062 rettulit
1380 4033 1381 4078 p

170 4075 336 4144 ‚Gretserusz
361 4090 410 4127 nos
430 4090 522 4142 preces
539 4071 712 4142 adiungendus
734 4074 895 4144 exposuimus
911 4073 937 4126 in
964 4075 1162 4146 lluchologium,
1188 4079 1282 4148 quibus

179 4142 360 4211 expositionem
376 4159 473 4196 omnem
492 4149 518 4194 et
530 4143 667 4210 mysticum
685 4160 801 4198 sensum.
826 4152 879 4195 tum
898 4145 1015 4212 precibus
1033 4152 1085 4197 tum
1102 4145 1155 4208 ritu
1175 4147 1281 4202 conclu-

180 4225 251 4277 sum,
268 4211 369 4264 abunde
383 4211 554 4266 mbiunaimoa
570 4228 603 4264 ex
617 4213 760 4281 Symeoeia
772 4211 1004 4266 Thessalonicensis
1020 4214 1129 4281 seriptis.

166 4317 171 4326 ·
264 4285 428 4364 noune
448 4281 483 4350 co*
504 4289 559 4348 coci
580 4285 729 4368 olroqaiou
752 4285 838 4370 φέρει
858 4285 1039 4363 recoctione]
1064 4288 1161 4368 inepte
1180 4289 1282 4352 Iunius
1380 4323 1381 4326 ¹
