2744 4690
156 217 246 334 376,
317 213 526 284 auersum
540 215 594 283 ET
609 213 744 284 cosm
757 211 1091 290 commuuimus

155 381 245 449 specto
268 376 376 432 nonani
413 373 532 432 aorltm
554 373 712 443 difficultas,
733 378 870 446 qnotornm
892 373 936 432 val
958 373 1069 444 qualium
1089 375 1126 432 sit
1149 375 1208 432 dux
1241 393 1284 432 ae

155 455 242 502 rector
254 447 380 500 archimen
398 446 461 499 ritas
493 461 526 497 an
538 443 644 514 plurium
657 443 701 496 vel
715 460 851 514 paucorum
864 444 1044 510 monachorum
1057 445 1099 512 (hi
1111 445 1179 500 0111111
1192 453 1282 511 sunt,

155 517 200 586 qui
217 523 328 571 testante
347 515 441 568 Basilio
457 485 487 568 lb
509 507 586 579 ὄρεσι
601 509 650 566 να1
666 507 751 576 ὀπαῖς
767 513 817 583 τῆς
833 514 883 582 γῆς
899 513 1045 582 habitant),
1064 531 1097 568 an
1115 515 1192 569 unius
1214 515 1281 568 sab-

156 589 202 638 bas
220 587 264 640 vel
286 585 422 638 multorum
441 583 649 638 monasteriorum
671 582 706 634 sit
727 583 886 652 gubernator
906 597 1053 652 supremus,
1077 583 1151 638 relat
1171 587 1196 638 is
1221 583 1278 668 qui

143 655 228 708 nohis
246 653 408 726 provincialis
426 651 520 706 dicitur
535 658 580 704 ant
597 651 736 722 generalis.
753 667 829 722 quam
846 657 943 722 partem
961 652 1088 718 1111100111,
1105 653 1204 706 muham
1226 671 1277 706 111-

156 741 243 778 curres
262 722 419 794 deceptionis
435 719 589 792 periculumr
613 721 686 774 unius
703 719 771 774 anim
788 721 939 791 quaudoque
957 722 1130 792 superiorem,
1147 722 1276 792 plurium

156 794 233 848 etiam
251 808 427 862 nonnunquam
446 789 574 858 significat
589 789 797 844 monasteriorum
813 789 965 862 praesidem.
987 789 1062 862 primi
1077 807 1169 845 sensus
1187 792 1273 844 allati

155 869 330 931 argumentum
350 865 389 914 est
403 859 555 929 Eutychetis
573 859 727 928 appellatio,
748 859 859 929 quaein
878 859 985 912 concilio
1003 859 1208 913 chalcedonensi
1237 865 1273 914 et

154 932 222 1001 apud
246 931 428 1002 Theophanem
447 927 657 982 archimandritae
677 933 733 990 est,
758 929 826 998 apnd
843 928 1007 983 Theodorum
1026 929 1205 999 presbyterum
1230 930 1272 984 da

156 1003 260 1056 incarn.
286 998 380 1054 domiui
403 997 454 1053 rosi
476 991 648 1066 sipoupieooa
671 991 688 1052 t
708 991 835 1066 Εὖταχὴς
851 991 882 1060 ὃς
895 987 933 1067 ἦν
949 992 1102 1066 ἡγούμενος
1117 1015 1269 1067 povocan-

99 1071 103 1083 '
155 1069 219 1139 pion
237 1061 317 1137 ἑνός,
338 1067 430 1138 inquit.
448 1066 515 1121 idem
532 1073 574 1120 est
592 1066 672 1136 igitur
691 1061 907 1137 dpzmosdpirpe
927 1067 972 1136 qni
992 1063 1162 1136 ἡγούμενος,
1180 1069 1271 1122 unius

156 1141 236 1194 solius
255 1137 405 1192 monasterii
424 1137 520 1204 abhas,
536 1141 630 1206 poter,
646 1137 764 1204 superior
789 1153 821 1190 ar
835 1137 936 1190 Rector.
966 1136 1079 1189 secundo
1097 1144 1184 1190 tamen
1198 1155 1270 1190 sen·

157 1207 197 1262 sui
209 1224 260 1261 non
271 1207 344 1260 deest
361 1205 493 1275 multiplex
513 1204 647 1275 probatio,
661 1204 759 1275 prima,
775 1205 842 1274 qnod
860 1203 956 1276 privati
976 1205 1124 1259 monasterii
1140 1206 1270 1276 superior

156 1295 207 1331 non
219 1275 332 1348 patiatur
351 1275 385 1328 ob
402 1274 518 1328 humilem
534 1273 606 1326 nimis
624 1281 718 1326 statum
734 1292 764 1327 se
779 1269 999 1343 ἄρχιμανὸρίτην
1012 1279 1116 1342 vocatu
1135 1275 1267 1340 secunda,
1327 1301 1331 1310 v

156 1346 224 1415 qnod
241 1361 296 1398 eam
314 1351 411 1398 tantum
433 1342 575 1396 sustineant
590 1343 785 1426 appellationem
804 1344 848 1413 qui
865 1345 941 1413 plura
955 1350 1049 1412 regunt
1064 1344 1120 1398 iure
1138 1359 1266 1416 supremo

156 1413 325 1482 monasteria,
343 1413 386 1464 vel
396 1412 438 1482 qui
450 1412 539 1464 saltem
550 1411 638 1464 maiora
649 1419 772 1482 praesunt
787 1413 941 1466 monasterio
952 1413 993 1465 cui
1004 1413 1079 1484 plura
1089 1413 1265 1468 subiiciuntur

156 1479 300 1552 percipere,
323 1481 395 1535 velut
411 1479 523 1550 antiquis
541 1481 637 1534 nostris
654 1480 767 1534 abbatiis
785 1481 893 1535 minores
909 1479 1055 1551 prioratus3
1077 1482 1172 1547 urus,
1190 1481 1266 1550 qnod

156 1554 183 1605 in
201 1559 274 1604 textu
290 1567 366 1620 quem
387 1549 562 1604 elucubramus
586 1549 738 1620 interposita
755 1551 822 1604 inter
839 1546 1054 1620 ἅρχιμανδρίτοις
1070 1554 1098 1602 et
1113 1552 1266 1619 καθηγου-

154 1616 256 1690 μένους
278 1615 528 1688 πρωτοσνγκὲλλαν
556 1617 682 1687 dignitate
708 1621 741 1676 ab
764 1618 873 1672 invicem
896 1619 1042 1688 longissime
1065 1619 1173 1672 differre
1190 1636 1267 1671 com·

115 1721 120 1734 ι
156 1696 344 1752 monstrantur,
360 1687 410 1740 imo
429 1687 557 1759 particula
576 1705 739 1758 exaggerans
755 1682 827 1742 cilici
843 1705 886 1742 res
900 1690 999 1742 omnino
1017 1689 1131 1742 diversas
1143 1688 1267 1742 indicare

157 1759 278 1812 declarat.
300 1757 393 1810 transit
403 1757 429 1808 in
449 1757 561 1810 auctoris
572 1757 655 1822 npstri
671 1763 781 1810 murtam
796 1757 960 1812 illustrissimi
979 1757 1103 1829 praesulis
1116 1757 1265 1811 Vabrensie

157 1821 974 1965 iussisti-firmius”tristitiis
993 1823 1044 1948 :tl
1064 1820 1265 1948 iiiuiidiiii

157 1974 187 2019 nt
201 1965 325 2036 plurium,
343 1981 450 2032 quornm
466 1971 496 2017 ut
513 1981 565 2018 una
583 1979 634 2016 non
652 1970 693 2017 est
709 1965 861 2034 appellatio,
872 1937 915 2018 'ita
931 1983 980 2018 nec
998 1981 1074 2018 unum
1090 1965 1264 2017 0111011111ιὶ11-

156 2036 209 2088 isse
225 2041 322 2086 temere
330 2033 476 2120 putandum
499 2039 548 2086 est.
572 2039 701 2086 caeterum
720 2050 796 2102 quem
816 2034 1012 2087 Cantacuzenus
1031 2038 1045 2088 1
1064 2035 1141 2088 3101
1158 2035 1194 2087 33
1210 2028 1265 2086 τὸν

157 2103 210 2155 τοῦ
228 2097 309 2170 cipiou
327 2121 411 2168 οροας
427 2103 539 2168 πρῶτον
555 2103 625 2155 curri
641 2105 751 2170 montis,
773 2091 815 2155 ubi
837 2102 910 2173 plura
927 2102 1077 2156 monasteria
1093 2103 1213 2155 visuntur
1232 2107 1264 2154 et

157 2172 189 2224 ud
207 2181 319 2240 quatuor
335 2171 404 2224 milia
420 2173 596 2224 monachorum
616 2171 730 2238 degunt,
752 2175 914 2241 praesectum
931 2177 1024 2240 vocat,
1040 2171 1114 2226 alium
1133 2187 1192 2225 esee
1209 2187 1263 2224 nen

157 2255 219 2294 reor
236 2241 270 2293 ah
289 2256 333 2305 eo,
351 2240 385 2294 de
397 2255 448 2310 qno
465 2255 562 2307 emmo,
579 2239 782 2294 archimandrite.

241 2355 278 2418 ib.
296 2373 323 2414 v.
342 2355 390 2417 13.
419 2361 556 2414 memorat
580 2351 626 2413 hic
641 2353 816 2434 Curopalata
834 2353 1049 2434 motoepncelloe.
1071 2351 1169 2414 Iunius
1190 2354 1261 2432 legit

152 2441 357 2522 protosybgeios.
399 2442 620 2518 omconposito,
644 2440 754 2520 inquit,
779 2459 812 2500 ex
825 2442 986 2521 replicaret
1001 2434 1162 2522 ou'ypetor,
1191 2440 1262 2520 11104

156 2545 248 2585 nomen
269 2531 307 2584 eet
325 2543 374 2606 per
393 2544 521 2604 syncopen
538 2525 696 2604 dictampno
711 2517 908 2606 ovvoipyeior,
927 2525 957 2584 id
971 2531 1027 2604 eei,
1041 2525 1159 2586 uthodic
1172 2530 1259 2603 magas

157 2617 289 2690 receptum
308 2617 363 2686 ert,
391 2611 535 2670 comobitc.
577 2610 624 2670 sed
641 2612 671 2670 in
693 2613 732 2670 er'r
754 2611 880 2672 comediis
893 2611 1119 2673 orchimondn‘tue
1132 2619 1196 2672 eunt
1209 2613 1258 2672 nb-

156 2697 230 2756 buter
240 2716 285 2756 seu
297 2703 406 2776 patres,
420 2695 601 2775 protospngelr'
612 2715 673 2755 uere
689 2717 760 2756 rerer
771 2701 874 2776 quipus.
917 2697 942 2756 si
957 2697 1170 2776 protospncelius
1184 2698 1259 2756 idem

156 2787 201 2840 est
222 2783 301 2857 quod
318 2781 486 2858 coenobita,
514 2786 582 2840 tunc
598 2780 688 2842 omnis
704 2782 857 2842 monachus
876 2800 939 2840 cum
955 2781 1016 2840 aliis
1034 2781 1064 2840 in
1087 2784 1258 2842 monasterio

47 2876 69 2929 Ρ
86 2876 140 2938 262
157 2867 264 2944 degens
283 2867 337 2925 erit
360 2865 604 2944 protosyncellus,
626 2866 692 2940 quia
709 2868 799 2926 omnis
811 2865 875 2926 talis
885 2867 1037 2926 monachus
1048 2874 1092 2926 est
1102 2868 1256 2928 coenobita.

156 2957 187 3012 at
207 2951 261 3009 hoc
279 2951 437 3008 inauditum
454 2957 507 3009 cst.
550 2951 652 3008 deinde
671 2952 696 3007 si
712 2951 911 3030 protosyncelli
933 2958 1001 3012 suut
1013 2972 1096 3012 senes
1110 2955 1214 3029 quique
1228 2953 1257 3012 in

154 3056 207 3095 suo
219 3035 332 3110 ordine,
358 3035 397 3091 ad
422 3035 492 3109 quid
513 3053 585 3112 opus
605 3034 720 3095 habent*
730 3038 847 3116 propria
861 3037 1037 3097 ordinatione
1049 3044 1079 3097 et
1093 3039 1255 3116 chirotouia,

155 3127 190 3180 ut
205 3117 458 3179 archimandritae?
478 3137 544 3176 nam
561 3125 595 3178 ut
617 3121 680 3196 quis
707 3121 746 3180 sit
766 3139 851 3182 senex
866 3129 916 3182 aut
932 3124 1026 3184 senior
1038 3124 1069 3182 in
1084 3145 1137 3185 suo
1151 3125 1256 3202 ordine,

155 3207 185 3266 id
209 3225 269 3266 non
282 3205 401 3282 largitur
415 3203 514 3264 electio
532 3210 562 3263 et
576 3207 748 3268 consecratio
767 3209 820 3268 sed
835 3214 948 3288 tempus
962 3215 992 3269 et
1006 3215 1094 3271 aetas.

241 3292 313 3360 Quis
336 3291 424 3370 igitur
441 3291 648 3370 protosyncellur
672 3293 839 3374 et'simplex
859 3293 1012 3373 1111001111τὲ
1039 3295 1106 3356 olim
1118 3292 1254 3372 syncellus

157 3373 351 3454 appellabatur
375 3376 399 3434 is
422 3376 471 3452 qui
492 3381 604 3443 mortuo
621 3379 797 3456 patriarchae
812 3398 990 3440 successurus
1006 3386 1075 3440 erat.
1096 3385 1185 3440 testes
1201 3379 1270 3436 Ζο-Ι

156 3479 241 3520 naras
264 3467 294 3519 et
310 3461 457 3520 Cedrenus
475 3461 505 3520 in
526 3462 641 3544 imperio
658 3463 839 3526 Constantini
861 3465 1060 3546 Monoma'chi,
1082 3483 1200 3543 (1110111111
1212 3463 1254 3522 ille

123 3605 130 3618 ,
155 3545 299 3626 explicans
321 3547 450 3624 quisnam
475 3547 553 3626 apud
574 3549 730 3610 Saracenos
752 3550 891 3610 diceretur
907 3552 1037 3630 seriphus
1059 3571 1109 3611 seu
1123 3550 1254 3628 seriphes,

156 3632 198 3690 ita
217 3631 328 3691 scribit:
355 3624 445 3705 οὗτος
467 3625 493 3694 δ’
513 3631 575 3696 ἐστὶ
588 3629 657 3717 παρ’
681 3631 783 3710 αὐτοῖς
806 3631 881 3718 ὅπερ
905 3631 974 3718 παρ’
995 3636 1071 3722 ἡμῖν
1094 3631 1190 3700 neilus
1216 3625 1254 3715 ἦν

109 3772 112 3791 ,
159 3713 178 3778 ri
193 3715 354 3798 λεγόμενος
367 3711 536 3800 adpositos·
580 3717 622 3794 oie
641 3716 697 3802 poip
721 3715 913 3804 6011111111ος
932 3727 988 3784 τοῦ
1004 3718 1188 3803 πατριάρχου
1201 3727 1253 3782 θα·

158 3793 268 3874 νόντας
284 3801 327 3876 εἰς
344 3795 399 3864 rriv
414 3801 532 3866 ἐκείνου
553 3803 645 3869 τόπον
664 3799 914 3884 ἀντικαθίστατο,
935 3803 1015 3871 οὕτω
1035 3807 1086 3870 καὶ
1101 3805 1120 3870 o‘
1133 3806 1254 3888 σερίφης

158 3889 217 3949 τοῦ
240 3891 364 3962 Χαλιφᾶ
385 3887 557 3968 φθαρέντος
576 3887 631 3953 cdo
651 3887 866 3970 relevationem
887 3891 1060 3973 διαδέχεται.
1085 3893 1185 3953 eadem
1202 3891 1255 3950 Ce-

158 3973 270 4032 drenus·.
289 3973 337 4030 ubi
353 3975 480 4032 notanda
491 3994 546 4033 rox
559 3970 667 4048 neilus,
687 3996 743 4053 qua
756 3981 915 4056 significant
933 3979 999 4040 olim
1013 3979 1127 4056 quidem
1141 3978 1193 4036 hac
1205 3996 1254 4034 no-

157 4056 234 4114 tione
257 4078 359 4117 nomen
387 4059 441 4117 hoc
467 4060 600 4118 usitatum
622 4063 728 4140 fuisse,
749 4070 851 4142 postea
873 4066 996 4124 desiisse.
1023 4066 1063 4125 sic
1089 4061 1254 4122 Anastasius

158 4139 291 4201 Germani
305 4143 481 4222 patriarchae
502 4145 639 4220 syncellus
664 4149 731 4224 init,
753 4149 874 4210 Cedren.
895 4152 925 4208 in
944 4151 1011 4230 imp.
1031 4147 1136 4210 Leonis
1157 4148 1253 4205 Icono

118 4257 122 4266 ·
154 4223 245 4285 machi
260 4247 289 4305 p.
310 4226 381 4292 456.
403 4229 540 4306 syncellus
559 4230 626 4290 item
649 4232 702 4292 fuit
723 4234 886 4316 Stephanus
907 4237 994 4298 frater
1011 4235 1113 4296 Leonis
1135 4233 1254 4314 impera-
