2802 4686
508 282 554 350 lu
581 283 730 354 CODINI
756 287 841 354 GdP.
866 287 894 359 Ι.
1184 297 1256 370 159

34 468 37 474 ’
151 463 262 516 νοντας,
280 441 330 500 ἵνα
346 443 520 529 colligarent
535 441 585 502 aut
601 441 749 516 εἴοτήκοον
769 442 899 506 εὔτακτοι.
936 445 1100 525 ὀδοκανὸς,
1117 451 1167 510 tau
1182 459 1256 544 pcipi

151 511 220 578 τούς
236 511 318 582 icosio
335 509 442 600 ado-rap
465 509 559 570 adoaia
582 515 746 586 δικαιώματα
768 516 818 574 act
840 517 1064 590 apoapeooipaar.
1100 521 1254 600 ὁκοῡβον.

58 621 63 628 -
150 587 218 668 stac
234 581 283 640 tva
300 583 391 665 daarp
408 601 442 642 ca
457 583 613 642 δικανίκιον
629 587 681 642 τοῦ
696 583 860 665 ἀρχιερέας,
875 584 948 650 ὅταν
963 593 1127 670 περιπατῇ]

587 803 794 826 m

454 995 944 1147 asinarum

233 1311 261 1374 p.
275 1296 297 1359 6
310 1309 336 1356 v,
351 1294 400 1358 12.
425 1243 468 1356 In
485 1312 561 1356 nona
575 1299 699 1376 pentade
716 1299 820 1378 primas
837 1301 917 1386 tenet
930 1298 1099 1358 domesticus
1113 1301 1176 1362 raia
1189 1307 1251 1364 θν-

148 1383 229 1461 aaa,
251 1384 401 1464 praefectus
426 1390 538 1463 ianuae,
568 1387 667 1444 tertius
696 1387 825 1448 nimirum
854 1391 994 1449 ostiarias:
1025 1407 1092 1446 nam
1113 1389 1143 1448 in
1169 1395 1251 1450 sexto

147 1468 275 1542 quinario
301 1471 373 1529 duos
395 1471 567 1531 enumeravit
592 1473 735 1551 Codinus,
761 1479 791 1532 et
816 1474 921 1533 Citrius
943 1479 1001 1532 tres
1024 1475 1153 1533 ostiarios
1176 1476 1253 1537 inter

147 1553 277 1612 officiales
290 1555 490 1616 ecclesiasticos
506 1557 650 1631 uominat3
679 1575 798 1634 quaram
818 1561 919 1620 tertias
937 1559 984 1620 hic
998 1561 1100 1619 forium
1115 1561 1252 1620 domesti-

146 1657 195 1699 cus
209 1657 260 1698 seu
277 1661 390 1719 praeses
397 1649 485 1722 ,'uno
498 1642 584 1701 verbo
605 1645 712 1706 ianitor.

216 1753 291 1806 Sacri
315 1756 449 1810 tubunnlis
477 1758 547 1810 fores
577 1755 738 1810 subdiaconis
767 1755 955 1810 commendans
985 1759 1093 1812 mutar
1122 1754 1250 1814 Maximus

146 1819 174 1875 in
186 1821 304 1888 Dionysii
321 1824 354 1876 de
372 1827 435 1878 ecel.
456 1825 562 1878 Hieran.
583 1842 605 1878 c.
623 1826 668 1888 er*
687 1823 852 1892 οημείοοοαι,
880 1825 977 1894 inquit,
1004 1819 1048 1879 ὅτι
1073 1820 1103 1878 οἷ
1120 1824 1252 1880 διάκονοι

146 1885 387 1960 advenientique
411 1888 501 1962 εἶχον,
526 1894 578 1947 νῦν
601 1887 634 1946 δὲ
657 1889 688 1946 at
701 1891 897 1950 ὑποδιακονοι.
924 1894 1089 1962 suffragatur
1105 1894 1248 1949 Thessalo·

146 1959 260 2013 nicensis
280 1963 380 2028 passui
400 1962 519 2016 Simeone
538 1957 679 2029 ,φυλάσσεο
696 1957 781 2030 aiud
805 1955 996 2024 daadrciaauoc
1013 1957 1063 2024 τοὶς
1087 1959 1177 2025 πύλας
1199 1957 1252 2028 τοὶς

145 2023 243 2095 ἱεροῖς,
260 2027 309 2082 ἴνα
325 2027 365 2099 μή
381 2025 636 2094 tessaracosten
655 2027 739 2085 ἔνδον
756 2026 879 2100 εἰσέλθῃ.
914 2047 970 2084 earu
987 2030 1086 2084 obrem
1100 2032 1249 2085 soleamlo-

147 2113 204 2148 cam
223 2097 254 2149 ad
274 2115 361 2152 sacrm
378 2100 467 2152 altaris
487 2102 557 2154 lares
568 2099 662 2163 sitam,
685 2101 718 2154 de
730 2116 780 2168 quo
792 2115 849 2152 cam
860 2105 964 2152 auctare
976 2117 1000 2154 ο.
1014 2101 1062 2166 17,
1089 2099 1251 2157 subdiaconis

144 2166 337 2235 lectoribusque
348 2185 395 2220 cea
406 2169 535 2290 prqpriam
553 2168 639 2221 sedeur
655 2168 889 2222 Thessalonicensis
901 2166 967 2220 idem
987 2167 1114 2236 assignate
1130 2163 1253 2221 circadae-

149 2231 253 2296 κόνους
276 2235 326 2288 καὶ
350 2233 442 2306 οῗναγν
466 2254 533 2300 στας
551 2237 702 2305 καθῆσθαι
714 2230 766 2306 χρὴ
786 2233 891 2302 ἔξωθεν
909 2238 961 2290 τοῦ
978 2233 1183 2307 liquescerent
1199 2232 1252 2292 adu

145 2299 268 2372 eareat,
294 2299 326 2367 ta
347 2303 384 2374 dri
409 2306 486 2376 βῆμα
506 2307 632 2359 καλεῖται
654 2300 846 2374 ἆναγνοοοτοῖν.
880 2305 950 2358 inter
971 2305 1142 2358 subdiaconos
1164 2314 1251 2361 autem

144 2373 190 2426 vel
200 2373 310 2428 lectores
327 2375 510 2442 antesignanus
521 2375 580 2439 ille,
606 2375 646 2427 cui
665 2391 713 2428 cea
724 2373 818 2445 potiori
829 2387 915 2428 seram
926 2375 1113 2430 conaudetur
1124 2375 1251 2443 turadia,

147 2441 207 2496 iure
217 2445 308 2497 mento
320 2443 381 2497 mihi
392 2439 554 2513 deps'arcaae
571 2443 627 2497 reia
642 2444 741 2514 acquir
751 2447 920 2513 nuncupetur.

229 2550 296 2610 idid.
338 2550 474 2626 Sequitur
498 2548 695 2624 chartularius,
717 2549 766 2625 qui
788 2546 874 2626 longe
896 2549 1022 2607 diversus
1040 2567 1059 2608 a
1078 2547 1251 2628 chartmhy-

143 2630 221 2708 lace3
236 2641 267 2694 et
280 2635 376 2714 inepte
399 2641 516 2698 vocatur
537 2633 739 2712 chartophylax
759 2634 958 2711 chartularius,
979 2640 1013 2693 ut
1033 2655 1120 2714 supra
1134 2636 1250 2694 dictrrm.

143 2721 251 2779 Citrias
286 2739 345 2780 non
372 2740 460 2780 unum
490 2722 543 2780 sed
578 2719 672 2799 plures
698 2720 795 2800 ponit:
828 2737 895 2778 nam
928 2719 1048 2778 lectores
1083 2739 1249 2778 enumerans

141 2805 262 2866 collocat
287 2807 360 2865 inter
384 2805 446 2866 illos
466 2805 700 2887 χαρτοαλαρίοος
723 2808 777 2885 τῆς
796 2799 926 2884 μεγάλης
945 2803 1088 2884 quatitur
1117 2804 1168 2868 aori
1192 2807 1252 2868 roci

145 2887 400 2969 aeneasannos,
417 2892 594 2952 chartularios
613 2909 728 2966 magnac
748 2889 861 2948 eacethre
879 2897 905 2949 et
922 2891 1119 2970 eceuapdytaa't
1134 2909 1186 2950 seu
1199 2910 1248 2950 ar-

143 2979 226 3036 marit
242 2996 382 3052 casarum,
412 2977 506 3053 iuquit
524 2976 696 3035 Banefidius.
727 2970 871 3034 docuimus
890 2974 945 3033 iam
969 2995 1057 3054 supra
1076 2996 1104 3055 p.
1131 2978 1190 3038 123
1212 2995 1248 3036 cx

142 3058 311 3122 Balsamone
338 3081 387 3121 eas
412 3063 461 3138 qui
483 3061 707 3140 chartophylaci,
739 3059 952 3139 sceuophylaci,
982 3059 1254 3138 magnosacellario

144 3147 358 3206 subserviebant
378 3153 513 3224 tanquam
533 3147 705 3223 administri,
726 3146 884 3225 appellatos
907 3163 970 3204 esse
993 3145 1188 3218 chaaatarr’as,
1210 3147 1253 3208 ita

143 3236 179 3290 ut
190 3232 349 3291 chartularii
363 3233 411 3292 isti
430 3233 499 3292 nihil
516 3232 592 3292 aliud
614 3232 719 3291 dieunt
742 3249 827 3307 quam
850 3229 1044 3311 capprarorat
1066 3234 1122 3292 rari
1142 3225 1252 3305 κόπου,

143 3317 246 3375 aava
268 3322 413 3392 sanates,
440 3324 475 3378 ut
493 3317 644 3378 Balsamou
669 3315 803 3396 loquitur.
830 3333 885 3376 nea
910 3317 970 3377 scio
999 3333 1084 3394 quam
1106 3321 1174 3397 apte
1195 3315 1252 3376 hac

144 3403 267 3480 quadret
279 3404 436 3478 registratar
444 3402 526 3464 Iunii.

213 3501 290 3570 *Nec
310 3500 418 3562 Latinis
440 3501 622 3564 chamrdmms
640 3503 756 3581 ignotas
776 3501 843 3560 linit:
864 3517 931 3560 nam
956 3499 987 3560 S.
1009 3499 1164 3580 Gregorius
1188 3499 1208 3563 l.
1230 3507 1250 3568 1

142 3589 228 3669 epist.
241 3589 282 3654 75
300 3589 338 3648 ad
352 3589 498 3669 episcopos
511 3589 668 3650 Numidiae
680 3587 803 3662 scribens
826 3588 954 3645 nominat
973 3586 1114 3646 Hilarium
1137 3589 1250 3648 adaua-

142 3677 243 3735 tartam
261 3694 354 3748 wara,
376 3675 424 3750 qui
445 3675 475 3735 in
499 3672 623 3734 Africam
644 3693 663 3733 a
690 3675 904 3751 praedecessore
931 3671 961 3730 S.
991 3671 1122 3750 Gregorii
1147 3675 1249 3734 missus

139 3761 220 3822 sedis
234 3757 415 3838 Apostolicae
433 3759 495 3820 loco
512 3779 611 3820 causas
633 3757 833 3820 ecclesiasticas
855 3757 1042 3836 cognoscebat
1062 3764 1093 3818 et
1115 3767 1251 3835 tanquam

141 3847 227 3907 iudex
247 3846 394 3905 dirimebat
415 3851 445 3905 et
464 3845 621 3920 iudicabat;
641 3845 800 3920 mansitque
822 3845 853 3901 in
874 3843 974 3902 eodem
994 3843 1085 3902 officio
1103 3843 1134 3904 iu
1153 3843 1250 3903 Africa

142 3933 228 3993 etiam
243 3931 297 3990 sab
319 3931 449 4010 Gregorii
475 3933 571 4010 magni
591 3931 773 4011 pontificata,
804 3929 882 3988 cuias
907 3928 969 4007 ipse
990 3928 1049 3986 suis
1069 3928 1099 3988 in
1120 3929 1248 4006 epistolis

141 4016 240 4077 crebro
256 4017 389 4077 meminit
412 4036 509 4078 veram
521 4016 704 4076 chartularius
718 4015 821 4076 Cadini
836 4013 922 4092 louge
941 4013 1079 4072 inferioris
1094 4013 1199 4072 ordinis
1214 4018 1246 4074 et

141 4103 288 4180 dignitatis
302 4107 378 4181 erat,
398 4099 472 4165 inter
485 4103 604 4166 lectores
616 4103 747 4164 nimirum
759 4100 946 4181 constitutas,
960 4103 991 4157 et
1007 4096 1244 4176 antepenultimas

139 4188 172 4250 ia
188 4187 286 4250 ultima
299 4190 431 4269 pentade.

225 4287 314 4352 Porro
327 4277 390 4354 curu
401 4289 497 4378 pnes
510 4289 615 4354 luerim
627 4287 801 4370 chatulah
820 4292 855 4350 at
871 4284 978 4348 Citrias
993 4297 1124 4364 expresse
1135 4280 1244 4390 scribit,
