2822 4684
489 321 536 393 ΙΝ
556 321 705 396 GODINI
726 322 812 394 GAP.
837 323 898 392 IV.
950 393 952 398 ,
1176 323 1250 400 243

148 495 221 551 trem
248 485 478 565 Theognostum,
505 504 542 548 ne
569 485 731 570 imperatori
758 485 936 562 maledicat3'
957 505 1016 549 non
1043 485 1250 569 obtemperanti

148 574 282 652 imposuit
302 573 411 650 aliquot
432 572 532 652 plagas
551 591 604 657 seu
628 573 717 650 ictus,
742 568 797 634 τιίν
824 567 1023 655 σειρομοίστην
1047 573 1189 651 ἐντείνας.
1219 579 1250 639 S.

148 659 338 735 Hieronymus
352 657 433 736 epist.
448 659 507 722 53:
523 657 585 733 tegi
597 661 665 716 enirn
682 661 835 732 siromorten
849 658 973 732 Pinaros,
991 664 1172 722 austeritatem
1190 661 1252 722 He·

148 745 217 814 liou
237 744 286 801 nbi
299 750 329 802 et
342 741 404 823 ipse
418 762 469 820 pro
484 741 564 803 insto
577 741 688 800 videtur
699 742 866 802 siromasten
879 745 1013 824 accipere
1033 743 1145 824 loseph.
1161 749 1251 824 antiq.

148 825 304 894 severtii
317 829 499 905 romphaeam:
519 828 619 888 παίων
643 831 682 912 τῇ
700 828 839 912 ῥομφαίᾳ
852 823 1015 892 sinistrave.
1036 829 1196 906 Hesychius
1211 834 1252 896 ait

148 907 347 994 σειρομάσιην
366 930 429 969 esse
450 906 530 984 εἶδος
544 906 658 992 λόγχης,
680 911 709 970 S.
724 911 803 973 Hier.
823 914 852 972 in
871 919 931 980 οἳ
950 914 1070 998 Malaeh.
1083 917 1141 974 inte
1177 926 1252 977 retu-

148 992 408 1079 ίιιιστιρομοίστην
419 999 576 1074 pugionem,
597 1001 631 1054 ut
650 1001 680 1056 et
702 995 789 1057 Num.
814 1000 864 1065 25.
879 1002 910 1059 at
924 999 945 1062 3
958 999 1031 1078 Reg.
1055 999 1095 1065 18
1112 1007 1142 1060 et
1168 1046 1176 1060 .
1191 1000 1212 1066 4
1226 1023 1251 1062 c.

149 1085 190 1146 11
214 1083 328 1144 bortum.
353 1081 456 1140 Suidas
482 1073 677 1163 σειροροίστης
707 1077 787 1156 εἶδος
812 1077 970 1160 οίκοντίου,
999 1078 1099 1165 λόγχη.
1112 1097 1114 1102 “
1128 1085 1251 1146 Ioannes

149 1167 289 1230 Tretzes:
315 1163 422 1229 πολλοί
448 1161 503 1244 μὲν
526 1161 562 1228 τό
585 1159 727 1228 ἀκόντιον
750 1171 875 1230 καλοῦσι
904 1165 1119 1249 σειρομαίστην,
1151 1165 1252 1253 ὥσπερ

149 1246 208 1315 noio
223 1255 263 1338 τῇ
279 1249 382 1326 Φινεὲς
392 1256 503 1313 νοεῖται
518 1248 633 1336 ίστορίρι
646 1256 699 1312 etc.
713 1251 825 1334 κυρίως
840 1250 873 1316 di
888 1250 1026 1334 σιδήριον
1040 1259 1103 1315 τοῖν
1113 1259 1252 1319 seimonis

149 1331 291 1418 ὕπαρχοι,
318 1334 360 1412 uir
378 1333 470 1438 ρίγας
489 1329 644 1416 ‹idei-iosos
660 1359 706 1410 τις
728 1328 947 1422 ᾦκλήττοντες
972 1334 1041 1411 νοτίς
1059 1334 1193 1414 σάκκους
1213 1338 1252 1405 τοί

149 1425 463 1500 κλετττοτείανουμινα
481 1425 589 1485 νοοῦσι
602 1418 655 1484 καί
673 1425 846 1501 κρατοῦσιν.
867 1424 977 1482 videtur
991 1423 1114 1486 omnium
1126 1444 1250 1486 commo-
1268 1415 1290 1470 P
1307 1417 1359 1470 202

149 1507 261 1565 dissime
274 1507 345 1566 verti
358 1507 437 1585 apud
450 1505 652 1584 curopalatem
664 1506 745 1565 telum
769 1525 820 1565 seu
838 1512 939 1588 pugio,
961 1509 1190 1586 quandoquidem
1211 1513 1250 1583 εἰς

148 1599 286 1652 romastes
300 1591 442 1650 ferebatur
455 1611 473 1650 e
485 1609 588 1668 magno
604 1591 713 1650 tzausio
726 1610 761 1649 ex
775 1593 887 1652 sinistra
900 1597 981 1672 parte
994 1613 1094 1663 zonae.
1111 1597 1151 1655 ait
1162 1597 1251 1656 Codi-

148 1695 203 1748 nus
217 1678 292 1736 hunc
305 1673 471 1736 siromasten
483 1676 569 1752 vulgo
582 1677 674 1734 vocari
693 1673 812 1740 initiam.
833 1676 894 1736 Leo
914 1677 985 1757 Ιιυρ.
1006 1680 1127 1740 constit.
1147 1685 1182 1744 7:
1206 1683 1250 1756 είς

149 1757 186 1825 vd
201 1762 292 1841 (ίῖψαι
310 1756 447 1840 μηκόθεν
464 1753 622 1839 ριπτοίριον
647 1757 700 1824 καί
728 1757 1006 1841 ματζοβοὶρβουλον,
1033 1759 1107 1846 ὅπερ
1135 1763 1250 1847 λέγεται

150 1849 210 1908 νῦν
225 1839 369 1924 notitioni
388 1841 441 1906 καί
455 1841 642 1926 τζηκοιίριυν.
668 1844 842 1920 Glossarium
860 1847 956 1905 scribit
975 1844 1251 1930 μαρτζομοίβουίον.

151 1928 317 2008 Anonymus
341 1928 469 1988 debello
490 1948 585 1989 sacro:
615 1931 740 2008 σαλίβας
760 1925 840 2010 εἶχον
863 1926 1032 2010 τουρκικοίς.
1064 1931 1161 1992 Iunius
1185 1936 1253 1994 dicit

152 2009 280 2096 Ισαίίβαν
294 2033 355 2073 esse
367 2034 465 2074 vocem
477 2011 633 2074 Arabicam.
653 2020 685 2074 et
699 2017 840 2090 quomodo
855 2016 908 2074 scit
921 2035 983 2076 esse
1002 2014 1169 2098 Arabicam,
1189 2039 1252 2078 cum

151 2102 260 2162 nesciet
288 2101 356 2178 quid
382 2098 541 2180 significet?
575 2118 633 2160 non
660 2099 734 2160 enirn
759 2107 806 2162 est
835 2101 961 2164 militaris
993 2101 1089 2182 clave,
1121 2109 1154 2162 nt
1184 2111 1253 2166 ente
1343 2156 1345 2162 ,

153 2185 280 2246 diximus.

222 2269 340 2322 indicant
355 2265 414 2337 -qul
441 2263 583 2322 Meursinm
611 2271 763 2338 sequnntur,
793 2271 821 2323 ut
848 2283 898 2324 non
929 2268 1057 2340 attingunt
1081 2268 1154 2324 vocis
1177 2269 1252 2324 huius
1300 2313 1304 2330 ,

155 2353 265 2392 sensum.
299 2336 432 2390 siromaste
457 2337 607 2391 siromasten
637 2338 758 2407 exploro,
790 2343 818 2391 et
846 2340 917 2392 ‚velut
944 2334 1252 2408 κίικτοτιίανοιίμινον

153 2407 181 2462 in
207 2405 323 2474 obscuris
348 2405 453 2458 'fremis
477 2406 629 2460 carminibus
652 2407 740 2476 (Chil.
773 2409 806 2462 te
828 2407 868 2461 tit.
895 2409 958 2476 492)
982 2410 1040 2463 νοῶ
1069 2407 1119 2463 καί
1146 2409 1251 2478 κρατῶ.

153 2475 337 2530 mercatoribus
354 2492 386 2526 ex
404 2475 515 2527 Oriente¹
529 2491 626 2528 merces
643 2472 836 2546 exportantibus
852 2493 902 2530 non
919 2477 990 2548 prins
1006 2475 1067 2532 licet
1089 2492 1133 2531 eas
1155 2478 1183 2530 in
1204 2493 1252 2530 nu·
1295 2519 1299 2532 .

152 2560 201 2596 ves
217 2560 356 2613 congerere
372 2543 415 2596 vel
433 2561 449 2595 e
465 2549 540 2614 portu
557 2543 700 2610 ebducere,
724 2559 798 2613 quem
821 2547 989 2614 vectigalibus
1012 2547 1158 2616 colligendis
1176 2563 1254 2616 prae·

153 2613 216 2667 fecti
232 2630 332 2682 sagmas
350 2627 436 2664 ornnes
456 2619 484 2665 et
499 2629 562 2665 rusa
579 2613 737 2675 examinent,
754 2631 787 2667 ne
806 2615 970 2684 pretiosiores
988 2619 1030 2669 vel
1049 2616 1179 2686 exportari
1190 2633 1254 2684 pro-

151 2682 249 2736 hibitas
264 2683 311 2734 sub
328 2681 460 2735 vilioribus
477 2689 505 2734 et
521 2681 597 2734 licitis
620 2683 748 2735 occultent
771 2682 824 2750 illi,
851 2693 881 2736 ut
904 2686 942 2738 ita
967 2684 1010 2736 vel
1032 2685 1065 2736 de
1089 2685 1253 2750 vectigalium

153 2751 241 2872 titt
254 2745 942 2876 ‘¹Stetit.:itltitttttffl.ltt⁰.‘l.{⁰¹’‘¹l¹¹⁸
962 2753 1077 2874 iiiiii
1109 2752 1253 2874 :tillet

154 2837 313 2944 strictissime
329 2889 372 2941 vel
391 2837 551 2942 terdecissime
572 2889 670 2940 iunctas
694 2888 770 2957 longo
792 2839 1012 2961 acuioqeuecierri
1035 2839 1196 2959 perfidiunt,
1225 2897 1254 2942 et

153 2973 231 3011 sensu
246 2958 310 3010 duce
326 2957 535 3026 experientiaque
551 2956 689 3026 magistre,
718 2958 786 3026 quod
802 2959 858 3030 ipse
877 2960 930 3012 risu
954 2974 1009 3011 sum
1035 2965 1169 3028 expertus,
1193 2975 1252 3010 num

155 3027 237 3079 serice
253 3027 298 3078 tile
314 3028 388 3078 verbi
405 3043 480 3078 cansa
497 3027 544 3079 sub
562 3026 698 3095 gossipinis
714 3028 757 3079 vel
775 3029 876 3082 metelle
892 3027 941 3080 sub
958 3045 1034 3080 cerae
1046 3044 1128 3082 masse
1141 3029 1249 3094 lateant,

154 3094 1255 3218 ittitltttt‘ttlltt³..ltltl‘lstetut2¹t.ttttl“.'t¹..t:r

156 3230 306 3286 addicantur
322 3232 393 3284 fisco.
427 3182 647 3284 verutumpeotem
665 3203 726 3286 iliud
743 3184 841 3302 longigns
859 3243 886 3287 et
903 3235 1018 3297 acutius,
1042 3252 1074 3288 ex
1096 3235 1182 3316 eliqua
1199 3251 1256 3286 cnm

154 3302 271 3370 pugione
287 3302 339 3352 telo
356 3303 434 3354 bustu
450 3300 630 3364 similitudine,
648 3299 827 3370 σιιρομοίστης
842 3305 885 3355 vel
902 3302 1075 3370 σειρομοίστις
1089 3301 1176 3354 audite
1194 3303 1256 3372 quie

151 3385 220 3422 rero
236 3368 402 3438 praecipitem
418 3377 586 3421 mercatorum
602 3369 628 3420 in
646 3371 811 3439 exportandis
828 3372 952 3424 mercibus
969 3371 1123 3438 diligentium
1143 3372 1256 3442 reprimit

157 3447 185 3490 et
201 3436 306 3490 fraudes
323 3445 440 3502 coercet,
466 3437 584 3558 σαλίραν
597 3438 640 3489 vel
656 3436 785 3509 οαίιβοίρι
801 3440 892 3508 vulgus
910 3441 1036 3510 appellat,
1056 3445 1164 3507 frenum
1180 3441 1261 3502 vioe,

155 3507 227 3561 licet.
262 3507 331 3558 hisce
348 3507 487 3576 perspectis
505 3507 531 3558 ni
558 3506 717 3559 difficultatis
739 3515 853 3560 remanet
877 3509 903 3560 in
925 3510 1026 3561 Tretze
1050 3510 1148 3578 absque
1172 3509 1255 3564 inter-

155 3574 303 3648 pretatione
318 3591 335 3627 n
354 3575 465 3644 Rigaltio
483 3575 596 3628 Μουσεῖα
614 3581 642 3628 et
660 3577 799 3636 Gretsero,
818 3577 910 3638 relato,
928 3577 963 3629 nil
978 3576 1184 3631 obscuritatis'in
1197 3579 1254 3631 He-

158 3644 258 3713 sychio,
276 3645 310 3697 nil
321 3645 394 3715 ¹qnod
412 3661 505 3698 morem
523 3645 603 3698 faciet
614 3645 640 3696 in
653 3644 761 3699 Codino.
795 3647 954 3714 Hesychius:
969 3643 1149 3715 οειρομοίστης
1158 3643 1257 3708 σκεῦός

157 3732 186 3767 τι
207 3713 357 3782 σιδηροῦν,
382 3709 451 3782 ὅπερ
479 3710 508 3766 oi
531 3714 649 3766 τελῶναι
671 3707 741 3776 πρὸς
766 3708 881 3776 ἔρευναν
905 3711 1012 3784 ἔχουσι,
1034 3711 1124 3786 λαβὴν
1140 3715 1256 3784 ξυλίνην

158 3777 233 3853 ἔχον.
269 3800 315 3836 eur
330 3783 393 3836 illud
410 3786 437 3838 in
453 3799 520 3836 aona
537 3788 612 3851 geret
623 3783 750 3849 nanim,
767 3782 827 3839 alibi
843 3783 998 3838 incutimus.

242 3917 271 3976 p.
287 3893 328 3960 24
343 3917 368 3956 v.
385 3899 432 3962 11.
454 3891 617 3979 ἅμηροίίιος
627 3901 657 3954 et
671 3889 835 3977 ἆμηροίίης.
853 3898 1006 3977 proesectos
1020 3899 1118 3973 κιττία,
1134 3917 1169 3957 ex
1182 3893 1255 3958 Ara·

156 3979 221 4041 bico
247 3985 334 4040 amira
355 4003 407 4042 seu
428 3988 543 4059 amires,
570 3983 662 4058 inquit
689 3982 802 4060 lunius,
834 3989 864 4041 et
887 3984 996 4044 Graeco
1019 3979 1104 4056 ἅλιος
1129 3987 1256 4044 morr‘nns.

155 4067 256 4126 credet
271 4068 318 4142 qui
331 4069 421 4127 volet:
442 4087 495 4146 ego
509 4086 653 4136 assensum
666 4067 789 4127 cohibeo.
811 4071 923 4127 transiit
938 4089 993 4128 vox
1013 4069 1082 4127 haec
1106 4068 1143 4126 ad
1158 4067 1255 4124 Gallos

157 4151 248 4210 italos
261 4157 290 4210 et
305 4151 388 4232 alios,
404 4154 504 4229 quibus
518 4152 632 4214 admisci
641 4153 855 4231 estpruefectus
869 4155 953 4216 maris
967 4171 1018 4212 seu
1031 4151 1255 4224 thalassiarehus.
1272 4183 1273 4192 τ

155 4237 237 4312 quod
255 4255 358 4297 nomen
381 4239 440 4300 sive
460 4240 588 4300 absolute
609 4256 662 4316 pro
683 4239 808 4316 principe
831 4240 924 4315 gentis
953 4239 1011 4296 sive
1032 4257 1085 4315 pro
1113 4237 1254 4314 praefecto

156 4321 241 4384 muris
254 4324 424 4407 accipiatur,
443 4327 554 4388 mirifice
567 4345 586 4388 a
599 4321 708 4386 Latinis
728 4323 911 4404 scriptoribus
931 4323 1070 4395 variaturr
1091 4328 1124 4382 nt
1145 4321 1255 4390 ostendi
