2822 4684
172 280 246 354 νας
339 281 546 352 erassem
561 283 617 350 nr
631 279 1111 381 conmconnmurnnrus

169 409 248 567 ἐξίασι
275 451 368 568 ἔσσυται
388 445 552 513 marescalci,
575 445 663 518 regius
689 446 804 518 dapifer,
826 445 984 519 praetoriani
1008 445 1145 516 immunes,
1166 449 1276 522 appari-

202 531 276 568 rese
304 554 312 571 .

256 625 284 682 p.
303 607 342 668 17
357 625 383 666 r.
401 605 447 669 11.
478 622 530 682 pro
545 596 667 684 κόμβαν
682 601 778 663 Iunius
792 603 892 664 eodem
902 623 986 666 sensu
1000 599 1135 687 κόμισαν.

239 699 342 773 κόμβος
359 707 387 755 et
402 695 538 762 κόνδυλος
555 699 621 760 situ,
646 717 696 754 non
718 705 809 754 natura
828 701 966 770 diffamat,
984 705 1056 758 velut
1075 705 1156 758 nodus
1178 709 1206 758 et
1223 724 1268 760 ra.

168 785 233 824 mus.
276 773 378 825 clarius.
419 770 530 824 calemus
559 769 633 822 nodis
664 769 839 822 interstinctus
875 771 953 826 variis
985 774 1155 856 compingitur
1190 775 1269 829 fistu-

168 841 200 892 lis
224 840 335 906 (fistulas
359 857 423 892 voco
450 855 494 892 ecs
519 843 546 891 et
569 838 680 905 singulas
703 839 793 892 calami
810 845 897 908 partes
915 841 985 894 nudis
1002 843 1097 896 divrsas
1121 843 1268 914 eisdemque

168 909 325 964 adinvicem
343 909 495 976 connexas)=
521 923 566 960 eas
581 903 734 970 κονδύλους
755 908 911 963 recentiores
934 911 1030 964 Graeci
1052 919 1160 977 vocant,
1183 915 1268 968 nodos

166 990 252 1034 eutem
269 976 390 1049 κόμβους
406 977 463 1031 sive
478 972 613 1044 κόμπους.
648 977 736 1029 Simon
752 977 857 1030 Portius
881 976 908 1053 ip
931 977 1026 1032 Lexicc
1051 983 1265 1036 Graecoberbaro

167 1047 284 1103 κονδόλι
301 1040 476 1116 (κονδόλιον,
493 1041 628 1108 κόνδυλος
656 1041 776 1113 reicies,
792 1040 930 1115 κάλαμος,
947 1045 1050 1114 δόναξ,
1075 1053 1199 1107 calamos.
1236 1058 1266 1106 et

165 1114 288 1186 κόμπος,
310 1113 426 1184 δεσμός,
450 1109 545 1183 ἅμμα,
568 1109 620 1182 κόμ
642 1131 686 1180 ος,
710 1107 789 1181 ὄζος,
810 1115 910 1180 nodas,
928 1135 1007 1170 aeras
1024 1121 1197 1176 commissura.
1232 1139 1266 1175 ex

167 1189 264 1240 calami
281 1193 366 1240 tamen
382 1185 415 1237 ed
432 1185 529 1238 nodam
546 1183 732 1236 necessitudine
756 1199 833 1236 unum
855 1185 960 1240 alterius
983 1187 1039 1239 vice
1063 1189 1182 1242 substitui
1204 1190 1266 1242 inli-

151 1257 218 1311 sias
236 1272 286 1308 non
303 1255 369 1308 iero.
404 1253 445 1306 hic
462 1251 635 1316 nibilominus,
653 1253 696 1304 ubi
713 1253 786 1305 veria
804 1253 951 1308 tribuuntur
967 1255 1097 1326 utrisque,
1122 1258 1266 1322 promiscue

164 1342 218 1380 aon
240 1323 361 1378 sumenda
382 1323 521 1376 benevolus
544 1321 625 1374 lector
644 1321 779 1384 advertet;
804 1339 835 1374 ec
861 1323 887 1375 in
911 1322 1090 1393 δικανικίοις,
1115 1326 1148 1378 de
1191 1329 1265 1382 uibus

83 1413 84 1416 ¹
166 1409 260 1459 sermo,
295 1392 345 1449 aod
361 1391 387 1444 in
403 1391 551 1462 pontificum
566 1390 744 1460 victorumque
761 1389 865 1458 baculis,
884 1391 969 1461 spatia
985 1393 1086 1462 singula
1103 1396 1266 1466 κσνδυλσυς,

168 1463 260 1534 globos
277 1461 389 1529 singulos
406 1461 489 1532 spatia
505 1459 649 1516 dividentes
664 1454 786 1530 κόμβονς
798 1460 830 1512 ab
843 1469 947 1514 auctore
960 1472 1065 1517 vocatos
1078 1465 1266 1525 recordabitur.

233 1547 298 1608 ibid.
317 1542 504 1614 ἰνοκοιιητῶν]
522 1544 582 1598 vice
598 1537 757 1613 ἐριστικῶν,
774 1543 823 1598 nisi
841 1544 887 1598 tibi
903 1538 1041 1615 ἔγκοπὲας
1057 1547 1131 1602 simul
1148 1555 1175 1602 et
1185 1545 1264 1620 ἐγκό-

162 1633 219 1668 noo
238 1616 381 1670 laboriosae
406 1615 507 1668 subtilis
531 1619 559 1666 et
582 1613 740 1681 artificiosae
763 1614 913 1669 coelaturae
932 1632 1033 1670 mnsam
1054 1617 1211 1688 degenerans
1236 1621 1264 1675 iu

161 1685 305 1738 barbariem
322 1702 373 1737 vox
392 1679 558 1752 όνοκονιητός
573 1688 761 1753 repraesentat.
994 1693 1008 1706 ⁸

231 1773 266 1824 ib.
284 1788 312 1823 v.
330 1770 371 1828 15.
393 1764 426 1824 τό
446 1762 624 1836 σκαρυὶνικον]
649 1766 697 1822 soli
722 1765 839 1836 Georgia
861 1767 960 1822 Codiuo
983 1786 1036 1825 vox
1053 1777 1191 1844 usurpata,
1214 1776 1262 1830 soli

163 1840 280 1910 Georgia
299 1839 405 1892 Coresio
424 1843 501 1903 nota,
527 1837 577 1889 boc
593 1845 668 1908 pacto
686 1836 746 1890 mibi
762 1835 899 1906 exponitur
914 1839 940 1892 iu
957 1840 1097 1910 rescriptis.
1129 1839 1261 1911 σκαροὶνι-

160 1927 215 1964 κον
231 1909 375 1963 vestimeuti
392 1923 474 1975 genus
490 1915 530 1960 est
546 1923 597 1960 non
614 1923 664 1958 uno
680 1923 764 1976 pauno
780 1906 905 1972 continui,
923 1914 953 1961 ut
968 1925 1016 1962 nec
1033 1927 1083 1962 uno
1101 1911 1186 1965 colore
1197 1931 1261 1966 con·

160 1995 175 2032 s
194 1979 257 2045 icui,
275 1981 346 2032 euius
362 1975 474 2032 exterior
490 1975 587 2046 species
605 1973 700 2043 rubra,
717 1973 848 2028 taenistim
867 1982 896 2028 et
912 1994 959 2046 per
975 1979 1032 2031 lora
1049 1979 1145 2045 divisa,
1171 1983 1260 2036 cendi-

159 1995 217 2100 oin
235 2048 379 2102 interiorem
397 2045 547 2099 subductam
565 2061 623 2098 sese
639 2051 747 2098 venuste
764 2046 881 2114 prolerre
899 2053 926 2098 et
944 2047 1014 2100 velut
1030 2047 1170 2102 latitantem
1194 2053 1259 2105 edu-

159 2134 220 2169 cere
256 2116 376 2182 ermittit3
394 2113 493 2183 quade
511 2117 589 2168 densa
609 2109 814 2182 οασιέσχιίρας,
837 2116 981 2170 craticulae
1007 2117 1118 2185 piscibus
1144 2122 1258 2176 ustulau.

157 2185 197 2238 dis
220 2135 346 2250 idoneae,
370 2186 474 2237 termam
499 2182 628 2250 imitetur,
654 2183 697 2235 vel
715 2183 824 2236 colorem
844 2184 935 2237 subtus
954 2185 1105 2241 residentem
1122 2190 1259 2258 σκαρίζειν

158 2255 268 2308 ebullire
285 2259 368 2322 coget,
384 2251 554 2315 cambariaco
572 2265 663 2304 nomen
680 2250 764 2320 potuit
781 2253 929 2320 promereri.
964 2255 1029 2308 baec
1043 2255 1103 2325 ille,
1120 2257 1165 2326 qui
1182 2259 1258 2316 etiam

154 2321 238 2390 ignoti
254 2322 404 2392 exemplaris
420 2321 530 2374 Nicetes
546 2321 627 2374 locum
644 2319 788 2387 subiungit:
811 2313 884 2389 εἶχεν
908 2317 1019 2392 ἱμάτιον
1042 2323 1150 2394 σχιστὰν
1177 2327 1257 2398 μέχρι

153 2393 210 2446 τῶν
228 2392 364 2460 γονάτων,
398 2389 448 2442 huc
465 2407 514 2458 ago
532 2391 616 2442 relero
634 2383 734 2450 στολός
749 2387 913 2456 reciproceis
930 2394 1124 2448 carralicalotcs
1140 2405 1221 2452 uestes
1238 2416 1257 2452 e

156 2461 273 2514 Cedreuo
298 2461 325 2512 in
351 2458 458 2511 Tiberio
485 2465 651 2520 memoratas,
675 2457 708 2510 de
732 2458 823 2526 quibus
840 2459 918 2512 editio
935 2461 1085 2530 Regianum
1102 2467 1209 2520 obscure
1227 2467 1256 2522 in

175 2530 343 2584 ostericribus
361 2528 445 2592 notite
463 2529 603 2598 eodemque
617 2525 668 2579 loci
685 2543 807 2580 revocare
824 2527 924 2581 confido
942 2530 1079 2584 Andronici
1095 2529 1255 2606 ἀμπεχόνην

152 2543 185 2661 ie
210 2595 326 2667 γλουτόν
348 2593 504 2666 οἶμφισχιδῆ
526 2595 768 2664 καταβαίνουσαν,
792 2595 824 2646 de
845 2613 897 2664 qua
919 2597 1025 2652 Nicetes
1044 2601 1073 2653 in
1088 2605 1176 2656 eudem
1194 2607 1211 2657 l.
1226 2609 1253 2660 Ξ,

155 2687 191 2723 en
207 2669 305 2722 demum
322 2664 489 2733 σκαρόνικον
506 2665 571 2720 idem
589 2666 624 2718 sit
640 2665 708 2734 quod
725 2661 953 2734 caaqapoippsovl
986 2670 1099 2725 affirmat
1114 2673 1253 2740 Meursius,

155 2747 235 2806 neget
252 2740 399 2790 Gretsenrs.
435 2742 569 2802 utrumque
585 2735 737 2804 amplector:
755 2741 862 2786 mentem
874 2735 938 2788 enim
948 2735 1015 2792 illius
1027 2746 1112 2809 teneo,
1127 2743 1251 2798 rationem

156 2815 241 2860 tamen
259 2825 314 2858 cum
331 2807 455 2857 Gretsero
475 2805 591 2856 exsibilo.
627 2803 685 2871 quis
702 2802 766 2854 enim
784 2819 840 2854 eum
857 2803 970 2856 llleursio
988 2809 1141 2878 exemplaria
1157 2814 1253 2884 ubique

154 2877 244 2927 credat
260 2876 298 2926 ita
314 2878 437 2941 corrupte
454 2880 484 2927 ut
500 2871 707 2938 ceupapceppiov
724 2871 781 2922 vice
797 2873 934 2940 repositum
960 2875 1038 2928 suerit
1059 2876 1252 2946 erepcivoeov‘l

152 2947 240 3014 placet
262 2942 419 2994 nibilominus
446 2942 512 2994 illius
536 2940 562 2992 in
587 2941 661 2992 buius
689 2940 861 3006 degenerasse
883 2943 1066 3012 prolationem,
1095 2956 1123 3000 et
1149 2965 1251 3016 σκαρα-

151 3009 270 3083 poipprov
290 3010 392 3062 Bardae
407 3009 514 3062 Caesari
531 3026 548 3060 a
563 3009 650 3061 Leone
667 3009 839 3062 Grammatico
856 3013 994 3081 ascriptum
1011 3032 1028 3067 a
1044 3017 1143 3070 Codino
1165 3019 1252 3090 capite

149 3080 279 3152 superiori
294 3077 464 3145 σκαροὶνικον
481 3077 599 3130 Caesaris
615 3077 696 3132 luisse
712 3084 840 3130 vocatum.
876 3080 936 3134 vide
950 3089 1035 3136 notem
1045 3084 1073 3138 in
1084 3091 1161 3156 ceput
1174 3089 1250 3158 quin-

149 3157 204 3204 tum
221 3149 265 3208 43.
301 3148 334 3201 de
351 3146 525 3215 scaramangio
543 3145 714 3199 Leunclavius
729 3147 755 3198 in
775 3147 955 3202 Onomasticos
973 3157 1186 3225 scaramangium
1200 3177 1250 3212 vor

149 3219 270 3288 Persica,
294 3235 361 3287 quac
383 3225 476 3270 vestem
499 3217 620 3286 pluuium
642 3216 793 3284 significat,
815 3217 862 3269 boc
879 3226 917 3272 est
934 3237 992 3274 cam
1009 3240 1077 3291 qaae
1085 3227 1185 3296 plantis
1202 3235 1251 3282 ant

147 3291 262 3346 maerere
279 3287 473 3356 tempestatibus
488 3286 597 3340 caeteris
612 3285 763 3354 saperiaiiei
776 3286 848 3340 solet.

223 3377 259 3430 ib.
276 3393 302 3428 r.
321 3375 362 3429 16.
381 3368 520 3432 εἰκονικός
536 3364 587 3424 τόν
604 3367 730 3441 βασιλέα]
747 3370 868 3440 imagines
877 3370 911 3424 im
931 3379 1058 3430 malcrum
1069 3377 1154 3432 rarius
1167 3380 1193 3432 in
1206 3382 1249 3433 fa.

150 3443 188 3500 ris
205 3445 318 3514 positae,
342 3443 369 3495 iu
385 3442 491 3496 urbibus
508 3441 647 3504 adoratae,
669 3455 745 3508 quam
767 3440 794 3492 in
810 3440 866 3492 scis
883 3389 994 3501 delatae.
1029 3447 1179 3502 domesticus
1195 3450 1249 3504 ita-

149 3531 202 3584 que
220 3520 248 3566 ut
264 3511 429 3584 imperialium
447 3510 601 3564 exercituum
622 3509 767 3562 moderator
790 3525 938 3580 supremus,
964 3520 992 3566 et
1014 3515 1077 3570 virs
1097 3517 1194 3586 ipsius,
1218 3524 1249 3572 ut

146 3582 254 3636 inferius
271 3587 427 3650 exponetur,
453 3578 480 3633 in
497 3579 589 3634 cestris
605 3578 705 3646 imago,
728 3585 758 3630 ut
773 3580 906 3649 potestatis
922 3584 1068 3662 particeps,
1081 3587 1167 3638 animi
1185 3605 1248 3642 con-

146 3652 236 3717 scius,
253 3652 392 3704 facinorum
410 3649 524 3716 collega,
546 3646 658 3730 suscepti
678 3650 711 3702 ab
728 3665 758 3700 eo
775 3647 899 3730 propositi
915 3651 1076 3708 fidelissimus
1094 3660 1122 3707 et
1136 3657 1249 3710 fortissi-

146 3737 203 3774 mus
226 3725 376 3784 exsecutor,
402 3719 525 3787 sculptam
549 3717 603 3770 eius
625 3717 758 3785 imaginem
779 3733 807 3768 rn
828 3723 934 3788 pectore
954 3731 1056 3790 gestat,
1080 3732 1108 3776 ut
1128 3725 1249 3792 προθεὶς

145 3786 200 3858 τὴν
217 3785 328 3856 εἰκόνα,
354 3787 496 3840 Herodiani
513 3785 599 3839 verbis
616 3793 690 3851 utor,
714 3781 861 3853 στεφάνοις
876 3785 925 3839 καὶ
942 3787 1067 3859 δάφναις
1081 3793 1247 3863 κεκοσμημέ.

146 3876 201 3927 νην
220 3854 305 3922 αότός
320 3851 344 3910 τ’
363 3850 508 3926 εὐφημήσῃ
525 3853 573 3908 καὶ
589 3849 656 3916 νοός
671 3851 839 3921 στρατιώτας
856 3849 958 3928 decep
976 3861 1108 3928 γνωρίσαι
1127 3863 1176 3916 καλ
1199 3859 1245 3918 esi-

145 3929 289 3996 qrqpsiccrs:
325 3932 464 3995 eapropter
486 3923 624 3994 praelectis
644 3924 750 3976 ducibus
780 3923 911 3979 comitibus
940 3937 1076 3983 coronatas
1103 3933 1247 4002 principum

145 3995 269 4065 imagines
286 3997 353 4048 inter
369 3993 519 4064 praecipuas
535 3991 670 4061 insignium
686 3999 775 4064 partes
791 3993 817 4045 in
833 3993 890 4063 pilis
907 3995 1015 4050 donatas
1030 4000 1057 4052 in
1073 3999 1175 4070 Imperii
1186 4003 1248 4056 No-

145 4067 220 4131 titie,
238 4064 353 4118 vestibus
369 4063 460 4116 affixas
477 4069 537 4114 ante
552 4062 644 4114 lustini
659 4068 775 4132 tempora
792 4079 841 4114 non
859 4062 927 4131 lego.
962 4067 1059 4135 angelis
1076 4069 1119 4121 bic
1135 4071 1247 4142 stipatas

145 4135 238 4200 uideo,
256 4151 320 4204 qnos
336 4127 571 4201 ἆρχιστρατήγοος
586 4148 645 4183 reor
662 4132 696 4186 ob
713 4148 867 4184 communem
884 4135 1042 4188 Graecorum
1057 4138 1166 4192 omnium
1181 4158 1247 4208 erga

146 4217 192 4254 eos
209 4204 312 4256 cultum.
346 4200 497 4254 Michaelem
514 4199 579 4254 enim
597 4200 692 4254 babent
708 4199 734 4252 in
751 4201 832 4270 primo
848 4203 941 4256 vexillo
959 4203 1086 4274 depictum
1098 4206 1166 4260 inira
1180 4227 1203 4260 c.
1219 4212 1246 4272 (i,

144 4269 279 4341 eidemque
296 4271 369 4340 olim,
386 4269 512 4341 scriptore
530 4269 665 4337 cedreno,
689 4271 800 4326 lustinus
824 4271 983 4328 consecravit
1004 4273 1152 4330 ecelesiam:
1177 4280 1245 4332 utri-
