2822 4684
502 259 548 328 IN
569 255 823 328 contulere.
849 259 894 328 Π.
1183 261 1255 333 209

154 427 211 494 10:
230 424 407 506 perpessus
421 423 535 484 aaron
558 431 603 485 est
626 423 676 502 qur
692 444 791 486 uuam
810 431 841 486 et
860 397 1016 486 carmiani
1037 425 1111 506 gent
1131 427 1257 505 αιτιοι,

151 515 183 573 id
203 519 248 571 est
262 511 469 587 atramentarii,
490 529 525 580 ex
546 529 602 587 quo
619 512 771 589 imperator
788 512 955 590 phoeniceas
980 511 1075 571 literas
1107 511 1204 573 scribit
1227 515 1256 572 in

152 584 264 657 chartis.
285 597 323 655 ad
336 616 428 656 nomen
452 598 478 654 si
501 599 566 674 quid
587 603 736 686 prastsrsa'
751 597 862 657 Οατιοη·
887 597 1100 658 subscribendum
1123 605 1198 674 nat,
1227 599 1257 658 id

149 683 317 764 praepositus
337 681 457 740 caniculi
476 700 557 740 mauu
577 701 628 740 sua
650 677 796 755 exarabit,
818 683 887 762 quod
903 687 933 741 in
946 682 1018 740 calce
1031 683 1143 742 eiusdem
1160 686 1258 762 synodi

149 767 368 846 Cluistoplronun
382 765 489 825 Basilii
501 769 694 846 imperatarisa
708 767 828 827 canicula
837 768 936 846 secisse
954 767 1045 846 liquet.
1065 770 1257 850 praeficieban-

153 860 199 912 tur
215 852 335 912 canicula
349 853 476 928 parnasii
491 872 510 912 a
530 855 651 926 secretis,
672 871 782 932 quorum
800 872 901 929 magna
918 853 1040 928 dignitas
1061 861 1086 911 et
1110 858 1256 914 auctoritas

148 937 225 1020 suit,
245 944 335 1020 utpote
349 957 417 1015 quas
429 937 493 996 solis
502 937 607 997 tandem
623 941 787 1016 imperatoris
801 942 931 1016 sungmue
940 941 1096 1018 propinquis
1110 941 1257 999 concedere-

154 1031 208 1082 tur.
230 1041 299 1102 quac
313 1019 411 1080 Iunius
426 1023 516 1081 deboc
530 1023 621 1102 officio
636 1023 712 1101 apud
731 1023 875 1096 dadinum,
895 1041 986 1098 nugae
1004 1029 1074 1084 suat.
1104 1021 1172 1082 haec
1191 1024 1257 1100 Ale-

153 1127 291 1181 mannus;
312 1107 389 1166 cuius
407 1109 575 1167 sententiam
592 1128 650 1167 non
667 1107 878 1186 improbabilem
895 1107 1038 1166 Anastasii
1051 1107 1259 1168 Bibliothecarii

153 1195 307 1254 auctoritas
320 1192 413 1252 efficit.
432 1211 484 1252 nec
497 1213 515 1252 a
529 1194 653 1252 canicula
670 1193 779 1253 abludit
796 1211 914 1271 nomen,
934 1211 990 1269 quo
1006 1193 1107 1252 Graeci
1129 1201 1259 1272 utuntur,

156 1279 258 1357 quibus
274 1276 388 1337 solenne
401 1276 506 1338 Latina
519 1279 654 1338 vocabula
663 1278 789 1338 nonnihil
805 1280 948 1338 inflectere
961 1284 991 1336 et
1004 1278 1042 1336 ad
1054 1279 1258 1340 Hellenismum

156 1366 252 1441 quoad
271 1362 336 1422 licet
357 1364 539 1424 conformare.
560 1365 743 1444 porro'verba
757 1366 874 1423 attioris
889 1365 1025 1441 decimae,
1038 1365 1076 1421 ad
1095 1382 1167 1439 quae
1180 1365 1258 1425 Ana-

155 1451 258 1508 stasius
272 1467 358 1528 supra
372 1450 475 1510 dictam
487 1455 585 1512 notam
598 1451 710 1528 adiecit,
722 1457 789 1509 sunt
799 1451 867 1509 ista:
886 1456 948 1529 past
962 1449 1131 1527 ineptissimi
1142 1458 1167 1509 et
1180 1471 1258 1511 aura·

154 1525 224 1594 taras
236 1535 338 1596 Cbrirti
349 1537 515 1614 imperatores
529 1537 651 1596 Basilius
665 1544 690 1594 et
707 1537 896 1596 Constantinus
905 1537 1023 1614 figentes
1033 1535 1136 1614 quidem
1147 1542 1259 1615 propria

154 1639 236 1680 manu
248 1623 277 1680 in
294 1623 409 1698 quinque
423 1622 598 1681 aduncinibus
612 1620 677 1702 (seu
694 1622 778 1679 etiam
795 1619 936 1700 pluribus)
947 1625 1078 1698 protimus
1088 1627 1173 1680 aucis
1180 1626 1259 1700 segu-

154 1695 232 1779 ram,
256 1705 364 1764 Basilio
381 1705 488 1782 Magno
500 1711 671 1784 imperatore,
690 1707 811 1765 similiter
825 1709 905 1765 etiarn
921 1712 946 1762 et
965 1705 1140 1764 Constantino
1156 1710 1260 1785 figente
1327 1749 1330 1755 -

79 1843 88 1848 -
106 1859 112 1868 ,
156 1807 258 1850 crucera
268 1807 318 1867 pro
333 1809 360 1848 se
370 1797 395 1848 et
402 1789 497 1868 fratre
510 1811 561 1868 suo
573 1791 660 1851 Leone
680 1792 855 1860 subscribente
872 1809 971 1868 quoque
988 1793 1092 1848 nomina
1113 1795 1193 1852 tuom
1208 1796 1258 1850 iru-

152 1880 324 1954 peratcrura,
340 1879 450 1952 propria
470 1895 568 1951 manu,
590 1883 615 1936 et
629 1877 826 1954 subscriptionis
843 1875 976 1934 residuunt
989 1875 1163 1932 subscribente
1182 1877 1259 1936 ctu.

159 1958 280 2040 rtopboro
292 1964 491 2038 protoasecretis
507 1967 533 2019 ct
547 1964 700 2040 praeplacita
723 1961 850 2020 caniculi.
894 1962 1001 2018 Graeca
1022 1960 1108 2016 editio
1131 1957 1260 2020 Romana

157 2045 200 2104 ita
220 2043 321 2104 habete
342 2043 394 2106 καλ
414 2041 487 2124 μεταλ
505 2043 630 2118 τούτους
651 2046 682 2109 oi
703 2047 834 2125 βασιλεῖς
853 2047 1008 2115 Βασίλειος
1031 2048 1261 2120 Κωνσταντῑνος

159 2128 211 2192 nul
225 2127 317 2192 Λέων
322 2172 331 2205 ,
353 2123 513 2208 anisiacus
529 2128 584 2210 μὲν
599 2132 764 2211 λδιοχελρως
779 2131 813 2192 ἐν
825 2135 889 2202 τοῖς
902 2130 989 2192 πέντε
1004 2130 1134 2208 βιβλίοις
1147 2132 1202 2193 aad
1215 2154 1261 2193 τι-

160 2216 233 2296 μίου
254 2218 385 2296 σταυροῦ
400 2211 455 2277 τόν
476 2211 573 2278 τύπον
591 2220 654 2278 τοῖν
677 2213 840 2296 βασιλέων,
862 2213 911 2276 καλ
936 2209 1131 2296 γεγραφότων
1146 2215 1199 2288 τὰς
1215 2217 1262 2278 αι’-

159 2301 243 2373 κείας
256 2293 433 2379 ὀνομασίας,
456 2295 489 2364 td
507 2298 540 2364 δὲ
554 2305 607 2380 τῆς
621 2304 742 2383 γραφῆς
756 2293 926 2364 ὑπόλοιπον
940 2294 1122 2382 γεγραφότος
1139 2305 1263 2381 Χριστο-

160 2378 529 2468 φόρονπρωτασηιιρήσοα
544 2387 595 2449 καλ
607 2385 656 2450 tut
673 2389 729 2448 τοῦ
746 2387 926 2448 καναιλείου.
957 2386 1026 2464 quod
1043 2385 1172 2466 reliquum
1192 2395 1257 2462 erat,

160 2470 363 2549 Glrristopborus
374 2477 573 2546 protoasecretis
588 2478 613 2530 et
627 2471 777 2550 maenalus
795 2471 908 2532 caniclii
916 2472 1077 2548 subscripsit.

229 2569 257 2620 p.
275 2552 309 2605 12
324 2550 352 2606 r.
371 2553 414 2606 19.
431 2545 477 2604 iat
490 2552 541 2605 rosi
557 2552 724 2620 ιτανιιιλτίοο]
747 2569 829 2621 nugas
846 2553 979 2619 referrem,
994 2551 1016 2604 si
1035 2551 1154 2622 appictos
1171 2567 1187 2604 a
1203 2551 1262 2620 qui-

159 2619 265 2674 bnsdam
281 2619 324 2691 aqi
342 2620 487 2674 uuueulsiu
505 2621 637 2673 senessia
655 2620 763 2674 medium
780 2621 956 2692 producerem.
992 2620 1025 2673 ad
1039 2620 1197 2688 propositum
1208 2621 1268 2684 veri*

159 2692 354 2812 αιτιοι
370 2674 482 2812 οισι
496 2687 1264 2828 titis”cistertiensesattat

161 2821 307 2888 ταλλιτιοτλς
317 2823 384 2889 τοὺς
396 2821 597 2896 ἐργαζομένους
612 2823 647 2880 τοὶ
665 2827 750 2882 ιιανία
769 2829 914 2880 metallicos
924 2826 1018 2894 fabros
1034 2826 1144 2893 susoriis
1162 2827 1264 2884 σιλλοα-

162 2898 196 2950 lis
213 2903 314 2951 utentes
331 2897 396 2950 dixit
411 2897 578 2950 Eleutherion
593 2897 745 2950 Zebeleuus.
780 2913 830 2948 uno
849 2896 927 2948 verbo
947 2895 1059 2964 (λογεῖον
1073 2893 1182 2963 quodvis
1206 2896 1263 2948 exi-

161 2981 254 3035 guum,
271 2965 348 3035 quale
365 2960 560 3037 ἀλάβαστρον,
576 2963 742 3034 φαικάσιον,
765 2959 934 3036 aasabim,
952 2973 993 3018 est
1009 2963 1107 3018 τιανίον
1124 2964 1181 3017 sive
1195 2982 1264 3017 uuu-

159 3033 235 3101 τίον,
252 3037 397 3103 vasculum,
416 3038 545 3104 ampulla
563 3037 762 3105 myrothecium,
781 3036 955 3090 acetabulum.
989 3030 1069 3094 κλέος
1085 3048 1188 3106 qnoque
1205 3035 1264 3100 glo·

161 3103 228 3156 riam
244 3103 443 3174 dignitatemque
459 3107 559 3158 reterre
575 3123 624 3158 uon
641 3105 746 3174 ignorat
761 3105 805 3174 qui
821 3106 925 3158 Graeca
941 3103 1043 3159 summis
1059 3101 1210 3170 degustavit
1227 3104 1264 3155 la-

162 3170 222 3226 biis.
257 3173 407 3242 ambituque
422 3177 580 3228 uaurutsiou
596 3174 727 3228 amanium
749 3174 816 3228 ister
840 3179 943 3226 metesa
966 3171 1091 3239 dignitate
1115 3170 1159 3224 rel
1180 3172 1265 3238 gloria

163 3239 345 3310 praecipuum,
360 3242 437 3309 queis
452 3243 503 3294 init
517 3243 581 3296 illud
596 3244 622 3296 in
640 3260 690 3314 qno
708 3243 805 3312 gloriae
822 3242 1005 3312 dignitatisque
1022 3238 1216 3306 eunomiique,
1234 3241 1267 3290 li-

163 3325 270 3378 qnorem
286 3309 407 3362 videlicet
423 3326 579 3382 purpureum
596 3329 648 3382 quo
665 3312 834 3382 chrysubullis
850 3318 878 3364 et
893 3311 974 3363 sacris
996 3308 1179 3378 diplomatibus
1201 3309 1264 3362 sub-

163 3378 318 3446 signabant,
341 3379 509 3448 imperatores
525 3381 649 3434 iubebant
664 3382 804 3438 mercari.
838 3381 881 3434 ille
898 3397 961 3432 vero
979 3378 1020 3430 cui
1037 3377 1108 3432 vasis
1123 3377 1265 3431 huiusmodi

163 3445 305 3501 custodiam
321 3446 520 3518 demandabant,
544 3445 559 3506 ri
585 3444 631 3503 tet
650 3450 702 3503 τοῦ
724 3448 879 3503 κανιιιλείοα
897 3449 1068 3502 salutabatur.
1103 3447 1163 3516 lego
1188 3447 1265 3500 etiam

162 3514 322 3570 ιιανίιιλειον
336 3517 404 3586 apud
420 3518 532 3572 Leonem
549 3518 748 3574 Grammaticam
765 3524 793 3572 et
808 3518 961 3578 cedrenum.
996 3517 1029 3570 de
1043 3515 1132 3569 eodem
1145 3517 1266 3585 (λιτρια-

163 3587 230 3639 tiuss
253 3579 287 3640 ὃν
306 3583 337 3640 oi
356 3585 480 3654 Ρωμαῖοι
498 3588 673 3658 κανιιιλείονα
688 3583 944 3656 προσαγορεύουσι,
968 3603 1041 3658 quem
1060 3587 1175 3642 Romani
1191 3587 1267 3638 caai-

165 3656 279 3708 cleonem
294 3665 434 3740 seponunt.
468 3656 614 3711 Radevicus
632 3664 658 3710 et
674 3659 824 3711 Guntherus
839 3655 950 3709 reddunt
970 3656 1133 3709 caniclinurn.
1169 3661 1197 3707 et
1215 3673 1266 3707 non

165 3730 310 3778 contortam
326 3742 353 3778 m
370 3725 455 3778 verim
473 3727 566 3780 formas
582 3743 670 3780 vocem
697 3727 744 3780 sed
760 3743 862 3780 sensum
881 3725 988 3793 evulgo
1006 3729 1034 3777 et
1050 3743 1082 3778 ex
1099 3724 1209 3776 Nicetes
1225 3731 1266 3776 tc-

164 3793 290 3847 stimoniis
306 3809 382 3864 quem
398 3794 508 3848 dilucide
523 3798 635 3866 protero.
670 3767 775 3849 Menesi
792 3795 950 3857 comnenus,
967 3793 1049 3864 inquit
1066 3795 1110 3846 ille
1126 3794 1195 3846 vitae
1212 3794 1267 3845 eins

165 3864 183 3916 l.
205 3866 254 3918 14
278 3863 443 3917 Theodoram
466 3865 632 3934 Styppiotam
654 3861 756 3934 εἰςτὴν
775 3865 827 3918 τοῦ
847 3857 893 3916 ἐπὶ
907 3863 959 3916 aori
976 3862 1135 3918 ιιατιτιλείοσ
1151 3865 1266 3930 μεγαλο-

164 3931 263 4056 iqqpveqreq‘t
277 3929 440 4055 apotitqioiger
456 3929 541 4055 arpq'u
559 3926 773 4056 nuldrq'ulrruqlqi
785 3933 830 4056 trapi
849 3933 959 4020 {iqseifi
974 3927 1269 4052 μεγαόγιγοαοὲιιρρίιοσογγΞ

165 4019 249 4122 raico
266 4019 549 4140 ritri'i'riuresliassaieui
563 4019 998 4141 isslgieligiopiditigiiviai
1006 4020 1057 4152 ip
1070 4018 1267 4152 ,κΣτροππὲιώιιγ

166 4139 293 4208 δοθῆναι
313 4141 425 4210 δοχοῖον
437 4091 643 4210 inoboediens}
665 4138 797 4194 διάλιθον
815 4139 946 4210 χρύσεον,
965 4139 1054 4192 scribut
1070 4137 1136 4190 adem
1155 4137 1171 4186 l.
1190 4138 1214 4190 3.
1247 4153 1269 4187 rs

165 4209 245 4277 igitur
263 4210 329 4262 idem
347 4211 447 4282 estqui
464 4210 578 4264 canicleo
597 4211 746 4281 praeficitur
763 4211 851 4278 etqui
871 4208 968 4262 vasculi
987 4205 1108 4281 purpurei
1120 4204 1212 4258 coloris
1226 4221 1270 4256 cn-

165 4287 221 4334 stos
245 4285 302 4342 est,
326 4296 356 4331 ac
383 4280 440 4334 ideo
465 4275 497 4336 ari
525 4283 684 4336 ιιανιιιλεῖον
709 4285 748 4336 est
770 4279 882 4348 (λογεῖον
909 4270 1127 4344 λρα-ίσροςλοίνοα,
1151 4274 1220 4342 qum
1245 4282 1272 4326 et

209 4357 301 4412 Cadio.
324 4351 474 4431 Curripalat.
496 4363 529 4418 da
552 4362 627 4429 Offic.
675 4427 677 4437 Δ
1026 4348 1065 4410 14
