2782 4686
439 278 606 346 Gosaus
632 280 686 344 AD
712 277 950 350 LECTOREM.
1201 313 1236 360 n

145 482 304 558 satiaverit,
334 478 448 540 Meursii
467 478 593 560 pluribus
612 479 642 536 in
656 477 724 538 locis
740 479 915 540 demonstrat
935 481 1092 541 emendatio
1115 487 1145 542 et
1157 483 1237 544 insti-

145 584 219 645 tuta‘
232 603 284 663 per
307 583 471 644 Gretserum
486 584 577 642 versio
605 600 639 639 ac
664 581 693 638 in
721 579 819 660 amplis
842 580 1008 658 disertisque
1035 588 1238 646 commentariis

144 688 269 746 eiusdem
282 685 384 744 Codini
403 683 566 756 illustratio;
596 684 647 742 sed
671 702 733 742 cum
749 702 783 742 ea
801 700 858 759 qua
871 682 1020 744 Gretserus
1040 693 1135 752 aetate
1147 695 1239 749 verte

144 788 213 866 bat',
246 807 330 848 voces
354 787 416 846 illae
441 787 596 846 neotericae
619 785 751 844 Graeciae
774 786 899 845 nondum
922 787 952 844 in
975 787 1113 848 Occiduas
1143 798 1239 870 partes

144 897 240 951 essent
261 889 379 966 allatae,
406 894 556 966 propterea
574 888 655 948 venia
680 883 782 966 dignus
802 892 846 948 est
866 889 908 946 vir
925 907 993 948 sane
1014 890 1051 948 de
1070 910 1101 949 rc
1122 891 1242 952 literaria

144 995 217 1052 bene
237 995 365 1070 meritus,
392 991 470 1049 cuius
491 991 596 1069 scripta
616 989 732 1050 multam
751 991 906 1050 doctinam
926 992 1086 1070 continent,
1114 992 1241 1054 doctrina

143 1084 284 1178 pietatem
301 1095 377 1173 sopit
396 1099 426 1152 et
446 1093 483 1151 ad
495 1095 672 1153 sanctitatem
691 1093 798 1151 accedit
815 1092 922 1171 pietas,
943 1093 1098 1156 simiorum
1117 1101 1240 1156 mentem

142 1204 256 1257 secutus
276 1198 306 1255 in
329 1213 426 1256 eorum
439 1198 543 1256 menda
563 1196 710 1277 prolapsus
732 1195 887 1274 impegerit
929 1213 988 1254 non
1009 1197 1082 1257 enim
1101 1198 1147 1258 ille
1164 1199 1241 1258 solus

144 1306 190 1358 est
226 1299 275 1376 qui
309 1299 346 1357 ad
375 1298 506 1376 scopulos
536 1317 608 1374 quos
634 1295 750 1357 Meursii
772 1297 958 1358 Glossarium·
973 1315 1008 1356 ex
1027 1299 1130 1377 potiori
1159 1307 1242 1379 parte

143 1397 352 1482 ὄλοβάρβαρον
372 1402 489 1480 exponit
508 1400 617 1460 allidat:
657 1402 681 1459 is
703 1401 776 1459 enim
796 1419 859 1462 cum
883 1419 1043 1478 germanam
1070 1401 1240 1461 Graecarum

143 1523 177 1563 ac
196 1503 351 1582 vulgarium
371 1523 470 1562 vocum
492 1508 614 1563 mentem
634 1503 750 1562 nonsit
769 1507 922 1580 assecutus,
946 1502 1111 1578 sequacibus
1130 1504 1240 1562 foueam

142 1589 219 1684 sedt,
246 1607 276 1664 in
297 1623 381 1681 quam
400 1605 462 1683 ipse
482 1606 558 1682 prior
569 1606 675 1683 lapsus,
696 1605 750 1662 nisi
770 1624 788 1662 a
807 1604 966 1664 recentioris
982 1604 1166 1664 Graecmricae
1186 1605 1240 1664 iin-

142 1726 216 1786 guae
242 1707 314 1766 bene
340 1707 432 1786 perito
459 1708 613 1784 corrigatur
640 1707 794 1766 illustretur
819 1725 852 1765 ac
882 1706 996 1765 infinitis
1027 1710 1239 1787 propemodum,

141 1827 217 1888 quae
240 1814 361 1887 possunt
380 1809 462 1885 addi,
496 1809 661 1869 dictionibus
680 1815 832 1886 augeatur,
860 1807 968 1868 facilem
989 1809 1081 1868 adhuc
1103 1812 1241 1871 secuturis

139 1911 403 1990 praebebitiapsus
422 1909 600 1978 occasionem
632 1912 738 1970 ·fateor
759 1911 922 1972 Gretserum
942 1917 1023 1972 emta
1044 1913 1156 1972 metella
1175 1931 1242 1972 era-

139 2013 281 2088 minasse,
302 2009 321 2068 a
340 2010 480 2089 plerisque
499 2012 591 2070 situm
605 2017 635 2068 et
663 2011 823 2087 squalorem
843 2013 1007 2090 detersisse,
1027 2015 1056 2071 in
1069 2017 1242 2094 exponendis

139 2113 354 2174 emblematibus
377 2112 481 2190 Oedipi
501 2112 622 2188 gessisse
641 2129 805 2192 personam,
838 2118 868 2168 et
887 2112 1095 2190 characterum,
1126 2115 1175 2189 qui
1195 2117 1243 2175 vix

141 2215 398 2294 dignoscebantur,
433 2213 605 2271 reconditam
623 2211 852 2287 significationem
872 2212 1070 2290 investigasse:
1105 2217 1157 2274 sed
1178 2201 1241 2278 bum

142 2318 255 2378 omniuo
275 2317 314 2373 sit
333 2312 504 2390 impossibile
525 2311 575 2370 vel,
588 2311 656 2370 nibil
682 2314 813 2388 ignorare
839 2311 883 2370 vel
910 2316 1033 2375 omnium
1058 2319 1130 2376 votis
1157 2322 1241 2379 satis-

141 2421 246 2494 facere,
279 2415 433 2492 complures
456 2418 486 2471 et
501 2415 606 2492 egregii
627 2416 742 2490 quidem
759 2413 811 2472 viri
831 2413 937 2490 aliquid
956 2413 1069 2495 praeter
1088 2420 1146 2479 eius
1162 2423 1241 2482 labo-

141 2541 216 2598 rem,
237 2538 294 2596 quo
308 2517 388 2576 labor
407 2518 525 2595 ipsemet
538 2513 719 2594 amplificatus
736 2524 922 2596 excresceret,
943 2522 1151 2598 exspectabant
1193 2525 1241 2584 illa

140 2641 186 2682 me
208 2620 344 2679 desideria
363 2624 510 2678 moverunt
533 2623 566 2676 ut
591 2617 679 2676 multa
701 2617 884 2697 illustrarem,
910 2621 1086 2700 explanarem
1106 2625 1175 2704 alia,
1203 2628 1239 2686 de

139 2743 203 2786 mco
223 2723 357 2782 normulla
380 2721 550 2780 conferrem:
581 2721 688 2778 utinam
709 2721 821 2780 homine
844 2722 926 2782 Gallo
953 2731 1128 2785 monstrante
1155 2728 1238 2807 viam,

139 2845 222 2887 nemo
248 2826 283 2884 in‘
306 2828 452 2902 posterum
477 2823 562 2882 etiam
588 2821 700 2881 aliunde
737 2829 820 2882 natus
839 2865 840 2868 ,
858 2824 888 2882 in
919 2823 1038 2886 Graecia
1074 2831 1236 2906 peregrinus

138 2931 266 2990 aberret»
300 2927 330 2986 in
351 2926 468 2986 alienam
489 2943 607 2986 messem
627 2943 685 2983 non
699 2925 769 2983 adeo
782 2926 880 2984 falcem
894 2944 979 3003 quam
998 2929 1140 2988 uberiores
1156 2949 1237 3009 sege.

139 3037 185 3109 ¹tes
205 3028 334 3088 immitto.
377 3029 512 3088 Gretsero
535 3046 587 3086 sua
612 3032 690 3085 sarta
715 3032 790 3086 tecta
812 3029 925 3107 reliqui,
961 3037 990 3090 et
1016 3031 1093 3090 velut
1114 3033 1182 3091 data
1202 3053 1241 3093 ex*

138 3133 252 3211 tripode
271 3149 407 3208 responsa
425 3149 488 3190 sum
513 3135 668 3188 veneratus.
716 3137 846 3208 superest
869 3138 902 3190 ut
929 3151 1010 3210 quae·
1030 3149 1092 3192 mea
1113 3144 1181 3193 sunt
1206 3141 1236 3196 et

138 3234 206 3293 iuris
222 3233 326 3312 publici
348 3233 476 3291 facienda
496 3233 591 3310 paucis
605 3251 779 3311 proponam,
799 3239 956 3293 accuratam
970 3233 1074 3294 scilicet
1089 3235 1237 3294 Codiniani

138 3343 233 3397 textus
262 3355 326 3394 cum
352 3335 487 3394 alterutro
516 3333 560 3393 vel
585 3333 666 3392 simul
693 3355 755 3394 cum
784 3335 893 3394 duobus
920 3335 1027 3415 Regiae
1055 3337 1238 3399 bibliothecae

137 3439 342 3520 exemplaribus
358 3437 540 3498 collationem.
583 3443 691 3496 textum
709 3437 801 3515 ipsum
819 3455 877 3497 non
898 3440 936 3497 ad
952 3439 1162 3500 abundantioris
1187 3443 1238 3501 do-

32 3598 36 3614 ,
137 3544 244 3602 ctrinae
256 3539 552 3602 ⁴ostentationem'scd
572 3541 610 3598 ad
630 3539 778 3599 utilitatem
798 3541 947 3618 respiciens
962 3544 1119 3602 emendavi:
1143 3558 1238 3602 emcn-

138 3645 281 3705 dationem
304 3645 349 3703 vel
369 3645 519 3702 lectionum
545 3643 707 3700 uarietatem
733 3643 763 3701 in
790 3643 943 3720 marginem
970 3645 1057 3704 reieci
1099 3645 1148 3704 ubi
1173 3659 1246 3705 cunr'

135 3756 258 3828 utroque
271 3747 364 3826 Regio
377 3749 468 3806 minus
482 3749 629 3806 convenire
642 3746 773 3825 comperi,
799 3741 943 3806 locoshoc
955 3747 1046 3806 indice
1059 3743 1238 3827 otr.1ieg.*)

137 3853 296 3930 designavi:
329 3851 377 3908 ubi
394 3869 460 3908 vero
480 3867 566 3907 unum
585 3847 693 3908 illorum
710 3867 729 3907 a
748 3853 842 3908 textus
865 3847 982 3908 lectione
1003 3850 1158 3928 discrepat,
1180 3852 1236 3930 pri-

138 3974 214 4014 mum
231 3953 380 4012 numeralis
405 3952 547 4013 character
566 3948 701 4010 Arabicus
728 3951 914 4030 lindigitat,
946 3955 1012 4018 ac2
1041 3951 1159 4011 alterum
1179 3949 1235 4031 **).

184 4173 213 4243 *)
230 4189 300 4226 nunc
314 4171 369 4230 AB.

171 4263 211 4336 a)
234 4281 303 4320 nuno
319 4263 342 4317 Α
360 4269 387 4318 et
401 4262 434 4315 B.
