2782 4686
249 1023 1149 1244 P.1ACOBIGRETSER1
1263 1123 1267 1132 ·

510 1325 898 1404 PROOEMIUM.

615 1588 818 1603 *W

160 1777 257 1882 Ante
270 1815 377 1896 viginti,
396 1821 426 1874 et
441 1815 519 1892 quod
533 1815 662 1896 excurrit,
681 1837 770 1877 annos
782 1817 901 1880 libenter
913 1822 944 1877 et
956 1816 1104 1895 diligenter
1122 1812 1251 1892 legebam
1373 1869 1375 1884 ,

158 1923 280 1984 libellum
307 1919 422 1996 Georgii
441 1917 543 1978 Codini
569 1917 606 1977 de
627 1917 732 1996 Officiis
749 1925 774 1980 et
800 1919 967 2000 Officiolr'bus
989 1937 1104 1996 magnae
1129 1916 1252 1976 eeclesiae

160 2032 187 2084 et
211 2024 291 2084 aulae
314 2021 478 2101 Cpolilonoe.
529 2019 688 2078 testimonio
709 2040 771 2080 esse
798 2029 918 2101 possunt
935 2028 1019 2084 notae
1042 2021 1080 2078 ad
1098 2018 1252 2077 secundum

160 2132 268 2185 tomum
287 2126 324 2183 de
347 2125 377 2181 S.
393 2116 501 2198 Cruce,
527 2128 557 2180 et
577 2127 662 2180 nolae
678 2123 716 2181 ad
730 2124 870 2184 Codinum
889 2145 951 2184 oum
966 2121 1072 2184 Ethicis
1081 2119 1186 2179 Mureti
1199 2135 1253 2198 pu-

160 2226 295 2302 blicatae,
324 2231 355 2283 et
373 2221 477 2281 Facula
489 2223 599 2280 Codino
617 2220 748 2301 aceensa,
776 2226 907 2303 evulgata
926 2245 989 2285 eum
1008 2224 1132 2283 eiusdem
1148 2221 1253 2281 Mureti

160 2323 190 2386 in
208 2324 574 2400 TacitumCommentariis,
591 2324 724 2384 consultis
737 2331 767 2385 et
787 2347 850 2386 cum
869 2328 992 2386 editione
1006 2325 1126 2384 'Iuniana
1145 2323 1253 2381 collatis
1378 2309 1379 2348 i

159 2429 250 2490 tribus
273 2427 379 2488 calamo
399 2425 518 2484 exemtis
539 2425 754 2506 exemplaribus,
774 2428 883 2488 duobus
896 2427 1025 2488 nimirum
1036 2427 1137 2486 Boicae
1153 2423 1254 2485 biblio-

36 2573 41 2580 ·
160 2533 267 2606 theone,
286 2529 370 2588 tertio
384 2524 595 2586 Lautherianae.

245 2634 337 2711 Saepe
352 2649 370 2690 a
390 2649 435 2690 me
450 2630 591 2708 petierunt
607 2630 658 2688 viri
674 2631 750 2691 docti
767 2637 800 2692 ut
818 2631 959 2691 Codinum
982 2632 1018 2690 de
1036 2632 1147 2709 integro
1165 2630 1253 2689 inter-

162 2745 295 2824 pretarer.
336 2731 490 2814 paruissem
512 2732 567 2790 iam
591 2733 717 2812 dudum,
744 2737 769 2794 si
792 2721 932 2817 petaliae
954 2734 1176 2817 occupationes,¹
1196 2750 1254 2810 qua

163 2840 288 2920 publicas
309 2836 339 2894 in
355 2833 457 2894 scholis
474 2851 531 2908 qua
547 2833 670 2911 privatas
688 2837 778 2915 domi,
803 2835 933 2896 licuisset
973 2854 1048 2894 nune
1070 2855 1134 2894 cum
1154 2855 1255 2914 perpe-

164 2949 231 3000 tuus
248 2937 346 3017 eapitis
371 2937 514 3012 totiusque
532 2935 655 3015 eorporis
672 2935 792 3013 languor
815 2943 861 2995 sat
886 2936 1055 2996 luculentum
1078 2939 1167 2996 otium
1189 2937 1256 2996 mihi

165 3041 320 3122 pepererit,
349 3038 504 3114 Codinum,
533 3055 570 3095 ne
593 3035 676 3115 plane
701 3038 806 3096 otiosus
832 3057 935 3117 essem,
968 3039 998 3096 in
1018 3059 1117 3098 manus
1140 3040 1257 3118 sumpsi,

161 3146 251 3222 verti,
279 3139 475 3202 commentaria
494 3138 599 3215 adieci,
626 3157 732 3196 errores
748 3140 925 3216 gravissimos
943 3139 1015 3198 Iunii
1028 3142 1136 3220 detexi,
1157 3143 1256 3218 utique

163 3249 193 3305 id
206 3252 256 3305 aut
268 3265 325 3305 non
338 3244 461 3303 facturus
475 3247 525 3300 aut
545 3259 628 3319 parce
648 3241 789 3318 factiuns,
819 3243 944 3319 quamvis
959 3243 1116 3300 innumeros
1129 3242 1189 3300 eius
1209 3261 1254 3302 er·
1279 3234 1283 3248 “

163 3369 241 3408 rores
261 3344 507 3422 dissimulaverim,
538 3343 591 3402 nisi
610 3342 705 3401 Iunius
724 3342 808 3401 homo
829 3344 1047 3421 arrogantissimi
1067 3345 1204 3423 supercilii
1224 3349 1254 3402 et

162 3451 313 3518 catholicae
326 3447 393 3506 iidei
406 3444 618 3506 immanissimus
632 3445 721 3504 hostis
736 3444 850 3519 fuisset3
865 3447 913 3522 qui
927 3467 989 3505 cum
1003 3447 1088 3506 asuis
1105 3446 1255 3505 haberetur

163 3559 193 3614 et
213 3552 402 3612 venditaretur
416 3548 573 3625 ornandus,
594 3549 739 3628 perspicue
760 3548 884 3606 ostendit
906 3549 983 3606 edito
999 3548 1110 3608 Codino
1130 3546 1182 3604 sibi
1201 3546 1255 3606 hae

164 3654 293 3733 opinione
313 3658 343 3710 et
362 3651 437 3709 fama
453 3649 514 3709 lieri
532 3651 678 3728 iniuriam,
699 3651 723 3708 si
742 3655 836 3708 tamen
848 3650 953 3708 volenti
966 3651 1027 3709 deri
1040 3653 1135 3729 potest
1147 3647 1256 3724 iniuria,

164 3757 231 3832 quia
254 3754 349 3813 Iunius
371 3753 443 3812 hane
460 3751 495 3810 de
508 3771 540 3810 se
553 3754 710 3830 opinionem
723 3757 753 3810 et
765 3752 867 3810 lamam
878 3752 991 3812 volebat
1003 3758 1033 3812 et
1052 3749 1181 3827 fovebat,
1208 3751 1258 3825 qui

165 3857 364 3935 Curopalatam
385 3857 474 3935 primo
498 3855 586 3914 edidit
615 3873 688 3913 anno
712 3855 896 3932 redemptoris
926 3855 1007 3918 1588
1033 3871 1067 3910 ex
1090 3851 1258 3911 bibliotheca

164 3959 227 4018 lulii
240 3957 325 4035 Padi,
341 3976 492 4035 suppresso
505 3977 557 4015 suo
571 3956 691 4033 nornine,
711 3956 756 4015 vel
768 3957 862 4035 potius
873 3955 904 4013 in
916 3954 1057 4014 Iudaicum
1072 3959 1259 4014 commutato:

168 4058 299 4120 Nodobus
325 4059 398 4116 enim
424 4060 569 4134 Agmaniur
600 4059 709 4116 senatui
732 4058 956 4118 Francoforlensi
980 4059 1121 4117 Codinum
1148 4058 1259 4115 dedica-

168 4165 236 4236 bat;
256 4159 290 4222 et'
306 4181 342 4220 ne
355 4180 413 4219 non
429 4161 497 4218 satis
515 4160 658 4218 dedicatus
673 4166 758 4237 esset,
781 4161 900 4218 eundem
920 4159 1018 4220 Pacius
1037 4159 1175 4219 dedicavit
1187 4159 1260 4238 Hip-

167 4264 265 4345 polyto
281 4261 447 4340 acolitus,
469 4280 522 4320 suo
539 4261 569 4320 in
590 4263 731 4340 praetorio
746 4261 976 4340 Heidelbergensi
987 4261 1117 4340 collegae.
1160 4267 1261 4342 postea
