2802 4686
479 303 524 371 Lu
554 303 703 374 CODINI
731 303 815 374 cte.
840 302 877 372 1:
1149 305 1220 378 143

125 461 174 522 tet
190 465 240 535 τῆς
256 459 332 534 inpete
347 461 538 527 καταστάσεως
561 464 587 518 in
608 466 724 534 berneto,
739 464 774 520 ad
788 466 855 520 sacri
875 466 963 522 altana
980 465 1063 532 term,
1079 467 1221 524 constitue·

125 543 203 600 runt,
220 535 263 604 qui
273 534 378 587 iuvenes
392 534 543 603 irrequietos
554 541 580 586 et
591 535 693 602 faciles,
710 551 758 588 sua
767 535 919 590 auctoritate
939 535 1057 602 semme,
1075 537 1108 589 ab
1119 537 1219 593 iniuriis

126 612 155 658 et
165 603 368 657 contentionibus
381 609 408 655 et
416 604 542 656 indecoris
553 603 652 656 actibus
664 602 696 655 ad
706 605 797 658 bonam
808 606 906 674 frugem
919 605 1063 660 reduceret.
1099 622 1150 660 uon
1160 608 1220 679 pla-

125 675 190 728 oete
207 672 293 726 sitilte
303 675 332 726 r'n
342 675 415 726 retus
426 675 508 726 sooria
528 674 674 740 dirigendis
688 676 853 741 procreatus.-
869 673 896 726 id
914 690 1024 743 namque
1040 672 1076 728 illi
1089 673 1220 730 incumbe-

125 742 190 808 bat‚
207 748 236 794 ut
255 759 288 794 ex
299 742 459 813 praescripto
471 752 498 794 et
508 749 651 794 sanctorum
663 748 763 808 patrum
774 742 877 796 amcino
889 759 932 796 res
946 743 1031 795 diviua
1042 751 1219 812 perageretur,

125 817 280 879 maneretque
299 809 408 877 nequis
430 818 505 862 extra
521 809 690 878 praescriptos
709 809 804 863 limitas
824 811 913 880 pedem
936 811 1051 866 efferret.
1086 811 1149 866 haee
1164 813 1217 870 ille.

125 881 214 962 piacet
231 897 295 948 pree
312 877 421 931 secunda
439 879 508 948 prior
524 877 666 947 expositior
690 884 719 931 ut
739 877 804 931 enim
820 880 891 948 prior
907 872 954 933 iet
966 880 1022 934 reis
1038 875 1172 946 σεκρέσωκ
1189 882 1218 936 iu

124 948 225 1001 tudiciis
235 947 347 1000 ordinem
358 956 385 999 et
395 947 518 1016 quietem,
537 947 575 999 ita
590 947 633 999 hie
650 947 677 998 in
696 963 772 1001 sacro
782 948 901 1002 tribunali
911 965 1005 1002 morum
1016 949 1219 1018 compositionem

124 1018 230 1080 indicit3
247 1009 349 1070 nectni
360 1017 415 1068 τῶν
427 1011 561 1081 omninum
572 1016 642 1082 leges
654 1016 741 1085 ponit,
759 1033 807 1070 uae
822 1017 863 1070 hic
874 1023 974 1090 patrum
993 1017 1105 1083 omen,
1121 1018 1168 1072 nisi
1185 1021 1219 1073 ed

124 1085 272 1138 modestiam
290 1090 423 1154 spectent,
449 1084 609 1137 observanda
627 1084 755 1155 proponit.
789 1085 874 1156 Regia
890 1086 1008 1160 superius
1023 1087 1116 1142 aihta:
1139 1081 1218 1142 atet

124 1155 176 1224 τῆς
192 1150 269 1226 ἱεραῖς
285 1150 475 1219 καταστάσεως
490 1151 530 1218 εἰς
546 1149 578 1208 ri
595 1158 689 1208 ποιεῖν
704 1148 843 1222 εὐταξίαν.

556 1387 762 1402 m

430 1619 916 1701 CAPUTVIIL

212 1873 239 1930 p,
255 1849 274 1914 5
287 1868 313 1910 v.
329 1852 356 1912 8.
391 1800 516 1906 Primae
530 1849 559 1906 in
574 1855 674 1925 quarta
687 1851 810 1928 peutade
820 1850 928 1910 obtinet
942 1833 1259 1936 discerpentem-off
1279 1862 1328 1916 168

125 1944 245 2014 monitor,
261 1939 352 2014 iuquit
365 1940 471 2017 Iunius,
488 1941 529 2012 εἰς
540 1935 574 1999 τὸ
586 1939 757 2016 ὲνθυμίζεικ
769 1934 822 2002 τόν
835 1933 970 2019 α’ρχιερὲα
982 1943 1141 2018 μυστικῶς.
1155 1960 1221 2019 ego,

124 2027 150 2085 si
168 2045 235 2083 usus
248 2027 338 2100 ferat,
357 2025 449 2083 malim
467 2029 658 2100 suggestorem:
673 2041 738 2082 nam
753 2020 994 2104 αάομιμνῆσκειν
1008 2014 1053 2082 est
1068 2043 1220 2104 suggerere,

125 2115 208 2172 menti
219 2113 358 2186 subiicere,
369 2115 399 2168 et
415 2117 449 2186 ut
466 2109 592 2167 Codinus
610 2108 748 2184 loquitur,
767 2107 954 2188 ἐκθαμὶζεικ,
969 2110 1050 2183 quasi
1066 2109 1171 2184 aliquid
1190 2114 1221 2172 in

125 2202 209 2256 mente
223 2215 317 2274 ponere
324 2215 339 2272 ,ᾗ
358 2200 388 2254 et
398 2201 447 2254 est
464 2194 597 2270 quiddam
613 2193 765 2251 restrictius
784 2193 931 2270 minusque
950 2194 1042 2252 fusum
1059 2211 1143 2270 quam
1162 2215 1221 2254 mo-
1254 2208 1257 2219 ⁴

124 2301 201 2341 nere:
230 2299 295 2339 nam
316 2284 346 2337 et
367 2300 516 2339 memorem
541 2296 654 2336 monere
675 2297 830 2356 possumus.
872 2280 982 2338 videtur
1007 2299 1076 2355 ergo
1098 2281 1220 2340 officium

124 2355 184 2428 σοῦ-
208 2358 490 2444 εἷπομεμνήσκοκτος
516 2364 569 2421 hoc
597 2363 698 2439 fuisse,
734 2368 767 2421 ut
790 2365 962 2441 patriarchae
991 2364 1154 2423 sacrificanti
1174 2365 1219 2424 vel

124 2449 211 2510 verba
231 2450 270 2508 ad
286 2451 421 2527 populum
439 2450 551 2508 facienti
567 2449 731 2524 adsisteret,
752 2449 849 2526 eique,
869 2450 894 2507 si
912 2449 1012 2508 alicubi
1028 2451 1218 2509 memoriale-

124 2535 255 2612 beretur,
278 2539 404 2612 mystice,
429 2536 482 2594 hoc
498 2533 646 2608 estclam,
664 2533 786 2612 occulte,
802 2537 987 2612 suggerendo
1000 2535 1168 2594 subveniret.
1194 2535 1219 2594 si

126 2622 189 2696 quis
199 2620 253 2679 hoc
262 2620 382 2679 officium
394 2621 477 2680 etiam
490 2628 569 2678 extra
581 2617 678 2695 templi
687 2619 774 2694 adyta
787 2623 912 2696 proferre
927 2626 958 2678 et
971 2621 1068 2678 efferre
1078 2620 1154 2698 velit,
1164 2640 1219 2700 pu-

125 2711 224 2781 tetque
233 2700 287 2767 crin
300 2702 566 2786 rimopepvn'nnooro
580 2704 666 2761 fuisse
679 2703 794 2762 simulem
806 2704 844 2762 ilii
856 2707 904 2781 qui
913 2703 987 2763 iuter
997 2705 1087 2764 officia
1094 2705 1218 2784 palatina

124 2810 144 2850 a
159 2791 270 2850 Codino
287 2810 310 2848 c
319 2793 347 2852 22
359 2811 388 2869 p.
407 2794 444 2854 11
465 2793 502 2853 17
514 2789 670 2866 appellatur
685 2787 703 2850 o‘
722 2786 771 2850 int
785 2783 994 2869 ἄναμνήσεαν,
1010 2809 1147 2866 quemque
1161 2787 1219 2849 Le-

126 2877 178 2934 tini
196 2897 215 2935 o
232 2877 355 2936 mortorio
375 2895 425 2934 seu
447 2879 604 2952 magistrum
624 2877 760 2932 memoriae
773 2875 932 2952 nominant,
956 2895 1019 2933 cnm
1031 2895 1065 2933 eo
1080 2895 1138 2944 non
1151 2878 1219 2933 eoir-

125 2961 254 3019 tendam:
282 2979 377 3036 neque
396 2960 470 3019 euim
489 2979 506 3018 a
522 2978 587 3023 veto
609 2958 728 3017 alienum
749 2964 794 3016 est
815 2961 973 3018 huiusmodi
994 2961 1113 3019 officium
1132 2961 1218 3018 fuisse

124 3045 156 3104 in
173 3045 286 3104 ecclesie
301 3046 467 3122 Cpolitaua,
492 3064 551 3103 nou
566 3045 650 3101 modo
670 3045 744 3102 intra
771 3047 822 3102 sed
846 3052 875 3105 et
899 3051 977 3104 extra
1005 3045 1146 3124 templum.
1188 3047 1218 3103 iu

125 3131 233 3188 Concil.
253 3128 346 3206 Lugd.
363 3133 393 3189 iu
410 3131 492 3210 epist.
514 3130 552 3190 ad
570 3129 657 3206 Greg.
682 3129 709 3188 X
731 3137 866 3190 vocentur
889 3132 922 3194 oi
940 3128 1220 3212 ὑπομιμνήσκοντες

124 3219 337 3276 rememorotorir.

193 3327 335 3412 A'llatiauar
359 3321 376 3380 d
394 3321 609 3410 circumueniretur
629 3320 775 3408 δεχόμενος
804 3320 856 3410 pris
877 3322 1043 3411 ὑπσμαήσεες
1063 3322 1217 3410 τῶνυῦπσι

123 3389 1144 3536 trittattttt¹¹tt⁰ttdt¹⁰ttt¹¹2¹3)„titftttttttt:t
1156 3397 1219 3534 tt:

124 3553 181 3592 sum
194 3537 378 3588 commentario
388 3550 532 3603 exponere,
557 3551 611 3585 curu
629 3531 710 3600 Regis
725 3532 836 3584 scribent
848 3527 862 3585 ὃ
875 3527 1165 3602 ὑπομαηματογρσίφος
1178 3530 1219 3595 εἰς

124 3599 159 3658 τὸ
184 3596 418 3726 cinotylofiotrpewnroi
436 3597 636 3724 ίἷῖκσμσήμασα.
679 3601 873 3669 commentaria,
903 3603 999 3666 relictis
1022 3603 1218 3668 memorialibus,

125 3690 177 3728 uon
187 3691 236 3728 sun
286 3687 435 3726 ooonucren
453 3689 479 3725 a.

208 3781 246 3842 id.
274 3798 300 3838 v.
325 3783 354 3844 9.
396 3775 441 3836 De
467 3776 580 3852 reliquis
610 3776 692 3834 huius
715 3775 845 3854 pentadis
874 3775 949 3834 nulle
980 3782 1025 3836 est
1053 3778 1217 3838 difficultas:

125 3883 194 3938 nam,
208 3863 284 3922 uude
299 3867 423 3942 interpres
432 3864 579 3938 euangelii,
601 3865 727 3939 interpres
741 3863 856 3940 apostoli
861 3907 870 3936 ‚
890 3867 1015 3940 interpres
1027 3865 1152 3941 psalterii
1163 3883 1215 3920 ιιο1

123 3951 199 4009 mina
214 3949 283 4008 haec
304 3948 488 4026 sumpserint,
512 3966 563 4026 per
584 3965 615 4004 se
636 3952 734 4005 notum
763 3952 815 4006 est.
856 3946 986 4016 videntur
1004 3955 1097 4007 autem
1119 3947 1217 4009 unius-¹

123 4036 258 4111 cuiusque
273 4036 383 4112 generis
406 4034 492 4090 fuisse
514 4033 618 4108 gradus
640 4033 748 4090 diversi.
790 4049 856 4090 nam
879 4051 903 4090 c.
923 4037 943 4095 6
963 4054 990 4111 p.
1018 4035 1059 4098 46
1098 4035 1137 4095 12
1163 4050 1216 4088 uo-

123 4121 213 4179 minat
228 4116 652 4197 Codinusprotapostolarium,
666 4117 696 4174 id
717 4125 761 4176 est
777 4121 892 4196 pn‘mnm
913 4121 1074 4196 interpretem
1092 4116 1214 4194 apostoli.

194 4233 259 4288 idid.
293 4225 309 4286 ri
335 4227 502 4294 διδάσκαλος
523 4230 575 4284 τοῦ
596 4225 763 4300 εὐαγγελίου]
796 4231 870 4286 huius
894 4237 921 4284 at
948 4229 1107 4300 sequentium
1128 4243 1216 4281 escro-

124 4317 181 4358 rum
199 4303 326 4358 oratorum
344 4317 446 4356 munera
462 4301 495 4356 ad
513 4299 587 4356 unius
606 4301 716 4354 officium
730 4307 853 4356 revocant
865 4299 1006 4354 Allatiaoer
1025 4292 1220 4361 ddrdoirrrcrtoc
