2798 4690
154 279 228 348 972
313 278 522 348 GRETSERI
535 277 590 346 ET
608 278 742 347 GOARI
757 274 1089 348 COMMENTARIUS
1120 291 1122 298 ⁴

155 439 244 496 Livius
261 439 367 496 audem
383 436 661 501 Numidaruumarem
679 439 764 508 tasse„
777 439 861 495 raian
877 441 896 495 Ι.
913 443 968 498 282
985 443 1080 512 quibas
1096 439 1260 496 desitum

153 514 184 566 iu
195 511 300 565 merlam
312 512 384 564 bima
393 512 556 566 testantibus
567 528 644 581 epac·
653 511 724 564 iuter
734 511 889 566 maiman
899 527 977 580 rccpe
985 529 1107 581 pugnam
1117 513 1148 566 ia
1163 530 1260 566 recea-

154 587 207 634 tam
223 597 314 650 equum
325 599 355 634 ex
360 585 431 648 sesac
443 582 604 634 transultare
613 598 669 634 mcc
683 586 753 633 erata
768 587 845 636 ructa
863 582 986 634 velocitas
1002 582 1079 653 ipsis,
1099 589 1154 634 ram
1172 583 1259 636 docile

155 665 279 722 aquaram
290 666 384 720 geraus.
419 648 452 702 rlc
470 649 567 714 Quadis
584 655 611 702 et
627 648 754 704 Sarmatia
770 648 835 702 idem
852 656 941 703 narrat
958 649 1124 704 Marcellinus
1139 651 1157 704 Ι.
1175 653 1220 707 17.

154 765 1260 906 aaltifiittiiiillltilitllttifniitssiiilatitabit

154 901 268 976 ἄζυγας.
303 905 408 959 fluidusr
427 899 548 974 ἅμιπποι
564 901 593 960 ci
609 899 659 959 circ
676 904 772 970 ἵπποις
787 901 1000 974 στρατευόμενοι
1040 903 1087 960 sci
1106 901 1122 960 ὁ
1140 899 1258 960 ἐπελαύ-

154 991 213 1028 νων
232 969 334 1036 αὐτοὺς
350 974 401 1028 rori
416 967 467 1042 pir
483 966 624 1043 ἐποχεῖται
640 968 690 1029 τὸν
707 968 739 1027 cl
765 973 937 1042 παρέλκεται.
973 945 1127 1028 aiicmauis
1145 976 1259 1044 antiquis

155 1043 183 1098 in
204 1043 320 1096 Graecos
337 1057 392 1096 racc
408 1043 619 1098 iste'rleaultcriis
637 1059 670 1096 ex
689 1042 762 1112 equis
787 1043 917 1114 pugnandi
937 1039 1086 1112 derivarat,
1109 1043 1141 1096 cle
1164 1045 1259 1112 quibus

156 1113 267 1168 Fatua
283 1113 394 1182 peribu
412 1115 499 1182 cquis,
515 1113 545 1166 irl
566 1119 605 1168 cat
619 1113 733 1180 duabus,
755 1113 868 1168 Romal
885 1111 1028 1172 aalma
1042 1116 1071 1166 ia
1088 1114 1203 1182 praelio,
1226 1119 1260 1168 ut

156 1183 270 1238 aurium
279 1183 362 1238 ultam
374 1183 516 1238 transirent
526 1182 556 1234 irc
566 1183 671 1238 εἰιτιιιτ.
706 1181 741 1238 da
756 1181 935 1237 mcuccaballis
952 1189 1037 1236 actum
1049 1181 1203 1236 iamdudum.

239 1305 276 1364 ab.
295 1322 322 1363 v.
339 1306 389 1366 21.
425 1305 460 1362 de
484 1300 604 1364 Arabica
629 1305 737 1382 origine
757 1303 885 1362 vocabuli
911 1298 1128 1368 Blachernarum
1148 1303 1259 1363 suavis-

154 1389 240 1448 simas
253 1407 343 1466 nugas
358 1390 419 1466 agit
429 1389 535 1449 lunius.
555 1394 662 1466 quanto
679 1391 782 1450 rectius
799 1396 898 1449 auctor
918 1390 1002 1448 libelli
1020 1391 1056 1455 de
1077 1387 1117 1452 14
1135 1389 1260 1466 regioru-

153 1475 208 1534 bus
229 1475 306 1534 urbis
330 1475 511 1554 Cpolitauae!
538 1474 746 1534 Blcelcemarcar
767 1473 921 1555 (suburbii)
946 1495 1035 1536 aomar
1055 1495 1074 1533 a
1096 1475 1209 1554 quadam
1230 1495 1261 1532 ec

154 1563 186 1620 ia
202 1560 258 1619 loco
270 1567 396 1637 regnante
410 1562 524 1622 militum
537 1561 627 1640 juisse
643 1580 676 1619 ex
695 1561 824 1638 Dioryria
844 1559 982 1640 Byautatic
999 1559 1101 1622 Gillias
1123 1565 1260 1619 autumat.

155 1645 264 1706 iacebat
280 1645 318 1704 ad
343 1645 422 1705 littus
443 1647 542 1723 maru,
563 1646 611 1704 ubi
635 1647 721 1706 eliam
740 1644 801 1705 Leo
821 1664 941 1723 maguus
968 1647 1099 1725 deiparae
1123 1645 1261 1725 templum

158 1731 312 1808 exstruxit,
332 1729 408 1790 aliud
423 1732 459 1792 ab
474 1724 521 1792 ilio
534 1730 713 1810 pulcheria,
734 1732 771 1792 de
787 1749 845 1808 quo
857 1731 1034 1812 Nicephorus
1054 1731 1093 1794 15
1109 1729 1159 1794 24.

242 1886 270 1945 p.
285 1862 326 1928 43
340 1885 366 1924 v.
382 1870 411 1931 8.
433 1865 554 1946 drunga]
582 1867 622 1926 sic
644 1867 709 1948 lego
729 1885 764 1928 ex
777 1885 835 1928 mss
850 1866 998 1927 wrlicibus.
1018 1865 1115 1925 Iunius
1129 1864 1260 1942 dnmgua

156 1950 253 2012 mallet
268 1956 362 2013 amen
378 1953 507 2030 drangas.

225 2075 261 2130 ib.
275 2090 303 2129 r.
318 2077 361 2130 11.
386 2069 623 2144 accrccpriioeasc]
636 2071 776 2146 ,ἄρχοντες
795 2070 988 2145 στρατιωτικοὶ
1011 2067 1043 2128 ir
1067 2075 1130 2138 ratic
1145 2068 1259 2127 adiectu

157 2137 223 2214 ἤτοι
240 2140 379 2213 κάπροις.
413 2143 566 2198 Iustiniauus
583 2162 664 2215 nuper
680 2147 782 2200 citatus.

241 2259 277 2317 ib.
298 2276 324 2317 v.
345 2258 393 2321 13.
420 2259 530 2316 videtur
543 2259 693 2337 legendum
712 2266 761 2319 aut
776 2253 902 2324 πάντων
915 2264 967 2318 aut
979 2261 1075 2320 πᾶσαι
1087 2253 1258 2336 ὑπηρεσίαι,

157 2348 191 2404 ut
206 2349 318 2402 constet
336 2343 435 2402 oratic.
456 2350 563 2403 eertum
582 2351 627 2404 est
646 2351 740 2403 autem
761 2347 902 2405 Codinum
918 2346 1010 2404 omnia
1025 2343 1115 2402 officia
1132 2347 1162 2400 et
1177 2341 1259 2400 mini-

157 2429 259 2506 steria,
278 2447 350 2504 quae
362 2427 428 2486 olim
443 2429 472 2486 in
493 2429 557 2489 aula
576 2429 729 2510 Cpolitaua
741 2436 841 2509 erant,
862 2432 914 2489 sed
936 2449 970 2490 ea
991 2429 1167 2509 potissimum
1187 2444 1259 2502 quae

158 2532 211 2572 suo
226 2519 351 2592 tempore
365 2512 515 2592 vigebant,
536 2517 738 2594 percensuisse:
760 2536 825 2576 nam
844 2516 909 2576 olim
931 2515 984 2574 alia
998 2520 1084 2590 atque
1100 2513 1259 2587 aliaerant,

159 2604 195 2658 ut
210 2598 334 2660 Graecae
354 2599 488 2659 historiae
508 2600 591 2661 lectio
610 2621 664 2660 nos
685 2603 776 2661 docet.
795 2604 873 2681 apud
893 2601 1111 2660 Constantinum
1130 2597 1259 2675 Porphy-

160 2685 320 2761 rcgeuitum
340 2685 358 2744 l.
375 2687 411 2744 de
425 2686 645 2747 administrando
666 2687 781 2766 imperio
801 2707 824 2746 c
847 2688 886 2750 51
903 2693 1014 2766 praeter
1026 2683 1211 2766 prctcrcrcbcs
1228 2685 1260 2739 et

161 2770 231 2830 alios
245 2771 368 2830 iuvenies
388 2767 439 2832 riv
450 2771 498 2834 aa
509 2776 563 2850 της
574 2769 687 2850 φιάλης
697 2792 747 2830 seu
757 2769 806 2835 τὸν
820 2776 860 2852 τῆ
861 2798 876 2846 ς
889 2769 1015 2850 φιάλης,
1038 2771 1161 2847 quierat
1175 2767 1260 2826 iudex

162 2855 262 2916 turbae
281 2857 410 2916 nauticae
426 2856 570 2916 dramatum
587 2877 637 2916 seu
655 2857 843 2918 drumcaioram
855 2857 1054 2936 imperialium,
1072 2857 1172 2930 iusque
1185 2851 1261 2913 dice-

161 2939 214 2998 bat
234 2943 335 3000 sedens
349 2942 379 3000 iu
402 2941 464 3000 loco
485 2943 645 3020 dromonis,
666 2943 714 3018 qui
734 2942 831 3002 Phiala
854 2943 1019 3022 appellatur.
1038 2942 1112 2999 idem
1132 2938 1260 2998 Codiuus

162 3024 229 3084 nihil
257 3026 369 3102 scripsit
390 3027 426 3083 de
448 3027 608 3084 officialibus
631 3025 779 3104 Augustae
808 3047 858 3088 seu
879 3027 1075 3108 imperatricis3
1103 3030 1261 3098 ettamen,

161 3115 195 3168 ut
208 3107 262 3169 hoc
282 3129 351 3168 aevo
365 3111 584 3188 imperatricibus
609 3117 639 3170 et
652 3113 755 3189 reginis
771 3116 815 3172 sui
832 3119 899 3172 sunt
916 3113 1066 3190 officiales,
1086 3111 1169 3169 itaet
1186 3107 1262 3166 anti-

162 3195 257 3270 quitus
278 3201 366 3255 erant.
386 3196 452 3255 binc
463 3197 540 3276 apud
553 3197 638 3257 modo
652 3199 825 3258 nominatum
839 3201 1058 3259 Constantinum
1078 3216 1101 3254 c.
1122 3195 1163 3260 51
1181 3193 1262 3251 iuve-
1382 3269 1383 3272 Ἴ

160 3280 220 3339 aies
244 3278 296 3345 riv
315 3280 365 3344 tal
382 3286 436 3360 τῆς
459 3281 603 3361 τραπέζης
621 3285 676 3363 τῆς
698 3277 894 3368 Αὖγούττης,
921 3286 971 3362 qui
991 3285 1074 3343 etiam
1094 3285 1157 3340 erat
1175 3279 1262 3338 iudex
1382 3339 1383 3344 ,

161 3366 337 3444 Agraricrum
351 3367 468 3450 (navigii
480 3369 510 3427 id
524 3367 629 3450 gerru)
645 3370 793 3448 Augrulua
