2822 4684
500 259 904 364 mmmmm
1179 265 1253 335 m

219 425 328 496 utor.
344 424 368 478 1.
393 419 476 476 rodco
501 421 628 492 aranon]
654 421 681 475 ni
708 423 781 480 iuxta
805 423 916 494 Regium
933 427 1069 496 utrumque
1088 423 1202 479 codicem
1219 421 1255 480 od

150 489 185 549 nd
206 492 321 566 {lintion
339 491 499 559 reposueris,
524 493 594 544 locus
612 498 747 562 corruptus
764 497 792 545 et
806 511 896 548 oeneus
913 501 1063 564 perseverat
1079 493 1253 564 inperfectus.

219 565 256 619 ib.
272 582 297 618 v.
316 564 341 618 2.
362 561 532 627 deruncniou]
556 561 653 628 virgum
679 577 781 614 auream
807 580 853 614 seu
877 564 1008 633 proprium
1030 563 1131 631 insigne
1147 567 1254 632 gerebat

152 631 209 684 olim
228 629 401 701 curapalatii,
421 629 465 698 qui
476 629 647 699 ¹curopalates
662 631 729 700 apud
747 631 928 686 Cassiodorum
947 634 1010 688 var.
1026 633 1089 688 75:
1108 633 1175 693 illud
1187 652 1252 702 qno-

150 717 199 768 guc
222 702 374 763 considera,
398 712 452 768 qun
471 700 671 766 gratificatione
694 701 830 768 tractarit,
856 709 885 754 ut
902 719 986 756 cunco
1010 702 1092 772 virga
1115 700 1252 756 dceorntur

149 772 219 822 inter
235 771 357 836 obsequia
373 785 510 820 numerosa
526 775 588 821 anta
604 769 683 836 pedes
697 771 784 838 regios
802 771 901 838 primus
917 773 1031 824 videaris
1049 771 1182 836 incedere,
1208 775 1251 826 ucl

149 840 191 892 uli
213 839 269 908 ipso
292 837 435 892 testimonio
457 836 602 889 uicinitatis
624 845 730 890 nostrae
755 853 927 906 agnoscamus
950 841 1001 892 titi
1021 837 1126 908 palatiu
1142 843 1249 894 commi-

149 909 219 960 risoc.
255 913 283 959 at
299 907 335 958 nil
354 915 461 960 mentem
480 911 588 974 occupat
604 913 651 957 aut
667 905 855 960 admirationem
873 913 957 962 mouet
975 909 1000 960 in
1018 909 1249 978 prinicipumcuriis

143 975 197 1040 ¹nisi
213 975 282 1044 quod
300 991 409 1039 novum,
424 973 563 1038 insuetum,
583 984 628 1028 aut
645 975 723 1029 facilc
740 983 827 1046 potest
844 977 906 1030 oriri
921 994 952 1030 ac
972 975 1046 1030 elabi:

216 1047 252 1098 ib.
273 1063 300 1098 v.
318 1043 359 1098 14.
377 1039 567 1114 χρυσάσπρον]
593 1039 700 1112 dornone
716 1047 843 1101 condidus
861 1053 900 1100 est
919 1046 1028 1099 Graecis
1046 1046 1247 1108 recentioribus3

147 1113 215 1182 apud
234 1129 297 1182 quoe
315 1113 391 1165 etiam
407 1117 554 1178 argenteam
573 1120 696 1166 monetam
714 1114 826 1186 quinque
842 1116 885 1168 vel
901 1133 947 1168 sex
964 1116 1113 1170 minutorum
1128 1116 1248 1167 denario-

146 1199 203 1236 rum
219 1181 296 1252 pretii
313 1175 421 1247 daneon
440 1180 472 1233 ob
494 1181 627 1234 candorem
646 1182 737 1235 dictam
755 1183 857 1238 audiero
883 1201 914 1237 ea
938 1190 978 1238 est
996 1184 1124 1254 quincunx
1140 1184 1248 1237 Franci-

146 1267 208 1316 cus,
226 1269 262 1306 un
279 1251 371 1313 blanc,
386 1250 456 1316 piam
473 1251 506 1302 dc
522 1267 645 1320 monnoyc
661 1253 785 1318 blnncbc,
801 1253 827 1304 in
844 1269 895 1322 quo
909 1269 986 1306 suave
1002 1269 1095 1306 sonans
1112 1271 1163 1308 vox
1179 1253 1252 1312 Gen,

132 1321 198 1372 elica
214 1320 240 1375 in
257 1335 333 1374 sensu
351 1333 406 1370 cum
425 1319 527 1372 Graeca
546 1319 706 1375 concordiem
722 1321 779 1386 init,
800 1329 826 1374 et
839 1322 945 1390 ignarae
963 1322 1054 1376 mentis
1071 1322 1246 1391 asperitatem,

145 1381 254 1453 o’r'unoon
276 1386 348 1456 qnasi
372 1404 492 1455 uopcrunu
519 1390 552 1442 ab
574 1393 674 1460 ceperis
702 1385 890 1447 characteribus
908 1398 1025 1446 monetae
1041 1390 1133 1445 inustis
1149 1392 1246 1446 dictum

145 1457 337 1522 contendentis,
355 1455 448 1524 arguit.

228 1549 255 1608 p.
267 1532 306 1592 21
317 1549 344 1588 v.
354 1533 382 1592 2.
405 1527 588 1608 συβαλταρέα
600 1530 771 1607 subalterna,
791 1531 959 1606 alternatim,
981 1530 1117 1592 altersub
1138 1531 1243 1608 alter03

82 1651 96 1662 ι
143 1633 198 1674 vox
211 1633 245 1672 ex
260 1613 365 1674 Latino
382 1613 518 1673 vocabulo
534 1616 655 1674 detorta.

213 1695 346 1765 Corruptn
367 1711 421 1748 vox
445 1690 502 1747 clud
525 1695 578 1748 nori
606 1695 754 1767 συμβάλλω
779 1697 928 1761 committa,
957 1698 1087 1767 coniungo
1135 1698 1241 1750 oomni·

142 1781 208 1847 ccco.
248 1763 339 1846 calami
360 1779 422 1831 ergo
449 1763 596 1816 baculorum
619 1783 675 1819 cum
697 1765 799 1846 quidam
822 1767 922 1848 tortiles
941 1772 1058 1848 ⁴cessent,
1090 1733 1241 1852 bracchas

126 1830 1085 1971 »att‚ltttt‘ttitltnritantittfflptttutttttr
1103 1834 1244 1956 bittit:

143 1977 172 2024 et
189 1975 331 2023 storearum
349 1985 419 2022 mora
435 1968 512 2022 textis
530 1971 662 2040 compositi
678 1967 874 2042 andnimaina,
892 1973 971 2026 tirsus
988 1989 1020 2025 cn
1036 1977 1127 2033 natta,
1145 1987 1244 2024 nuncu-

142 2045 245 2109 pantur,
263 2037 307 2106 qui
324 2037 415 2092 clarius
435 2038 638 2107 συμβαλλωτοίς
657 2058 723 2109 quae
738 2057 790 2092 vor
808 2057 876 2094 mere
893 2042 996 2094 Graeca
1013 2055 1068 2093 cum
1085 2041 1243 2094 subalternis

142 2106 186 2160 vel
203 2107 355 2162 alternatim
369 2123 418 2159 uno
436 2105 556 2162 videlicet
572 2109 620 2161 sub
637 2111 722 2166 ubero
737 2109 829 2180 positis
852 2109 944 2164 nullam
967 2127 999 2166 ex
1022 2107 1171 2182 proposito,
1195 2109 1242 2164 sed

142 2177 274 2230 fortuitam
292 2175 443 2230 affinitatem
460 2182 543 2229 nacta
554 2183 617 2230 eet.¹
718 2217 722 2222 .

226 2251 264 2308 ib.
285 2267 311 2307 v.
329 2251 357 2311 7.
379 2269 432 2328 pro
446 2246 536 2327 μέγας
556 2251 644 2308 codex
663 2247 765 2308 Boicus
782 2253 911 2333 μαῦρος,
933 2252 1010 2327 quod
1033 2249 1147 2308 Graecis
1168 2267 1243 2308 nuuc

141 2339 187 2396 est
199 2339 317 2412 nigrum.
339 2333 403 2393 binc
424 2333 532 2396 Pontus
549 2333 675 2394 Euxinus
695 2336 851 2415 appellatur
871 2335 1112 2411 Maronitarum,
1133 2340 1242 2412 aignan
1307 2375 1310 2381 a

140 2439 229 2498 ruore,
252 2419 416 2478 Germanice
429 2419 703 2478 darselooaracrnrer.
774 2478 780 2494 ,

224 2506 262 2566 ib.
283 2511 375 2568 v.12.
393 2523 446 2582 pro
458 2497 658 2589 χρυσόλευκον
672 2506 733 2566 cod.
747 2505 855 2579 {Boicus
878 2497 1084 2589 χρυσάσπρονε
1105 2509 1150 2564 esi
1166 2504 1241 2562 enim
1261 2577 1264 2590 Ι

139 2607 215 2648 nunc
232 2589 347 2648 Graecis
369 2585 485 2671 domnoc
506 2589 613 2666 allum,
636 2596 666 2649 ct
684 2596 761 2672 aspri
778 2591 883 2650 nummi
904 2610 1010 2669 genus,
1031 2595 1062 2650 et
1086 2583 1240 2671 ἆσπρῖζειν

139 2673 271 2734 dealbare.
1009 2735 1013 2748 ⁸

221 2762 258 2820 ib.
278 2777 304 2818 v.
326 2759 374 2824 18.
408 2755 495 2818 habes
512 2755 559 2822 hie
580 2752 720 2838 βλότιον,
743 2760 790 2818 ubi
813 2759 961 2820 manifeste
977 2759 1093 2840 ponitur
1112 2778 1164 2836 pro
1180 2758 1239 2817 lato

138 2845 231 2923 spatio
245 2863 294 2903 seu
305 2863 358 2924 pro
371 2843 520 2902 latitudine
533 2845 682 2903 scaranici:
708 2847 758 2906 dus'
773 2847 869 2922 breite,
887 2842 920 2908 cd
939 2840 1035 2907 niceri
1054 2847 1111 2906 rod
1129 2862 1239 2922 manu·

137 2933 236 2992 uc'uon.
255 2931 357 2987 ibidem
379 2927 444 3006 lego
466 2923 740 3010 χρυσοκλαβαρικόν
760 2932 975 3005 cunctanctium,
996 2949 1054 2988 non
1076 2932 1241 3009 χρυσοκλα-

139 3011 281 3093 δάρικον,
298 3022 331 3072 ut
343 3013 429 3072 habet
442 3014 551 3092 lunius,
577 3017 625 3089 qui
641 3035 704 3074 eum
724 3035 886 3074 aurcornmo
903 3034 953 3073 seu
971 3017 1122 3074 ramusculo
1133 3033 1241 3094 cuteque

131 3103 216 3178 pictis
227 3100 352 3158 delinitus
364 3099 475 3158 mirifice
492 3119 523 3157 se
530 3099 663 3158 oblectat.
684 3101 787 3160 ibidem
804 3101 883 3178 lego:
913 3097 964 3162 ἐπὶ
984 3094 1103 3182 θρόνου
1125 3103 1240 3180 χρυσοῦ

138 3177 308 3262 dunstanni,
329 3185 458 3242 intbrono
470 3186 680 3260 aureorudliini,
700 3190 730 3244 in
743 3205 818 3265 quern
835 3205 884 3264 per
904 3187 1007 3264 aliquos
1026 3185 1129 3262 modus
1147 3177 1240 3246 ascla-

137 3269 221 3328 dr'tur.
243 3267 370 3326 lectionis
382 3269 513 3344 vulgatae
533 3276 618 3348 aptus
635 3289 736 3328 sensus
755 3271 835 3329 reddi
850 3269 957 3346 nequit.

207 3363 243 3416 ib.
260 3381 287 3415 v.
303 3366 348 3420 90.
383 3363 569 3418 substantivum
586 3360 732 3437 ἄνᾶβατον
744 3371 901 3436 fcrmcrrtum
919 3371 975 3433 est,
1002 3365 1069 3484 guod
1087 3381 1118 3420 eo
1133 3369 1238 3435 turgeat

137 3433 245 3488 infletur
262 3439 289 3485 et
305 3432 427 3485 ascendat
443 3448 536 3489 massa.
571 3434 631 3486 hinc
653 3452 758 3502 azyma,
787 3436 906 3488 sacrificii
928 3434 981 3487 ritu
1029 3437 1097 3486 atino
1115 3435 1238 3490 celebrati

137 3502 282 3566 materiam,
311 3498 521 3586 tecnunoijiucu,
552 3503 644 3572 quibus
669 3505 819 3572 fermentum
847 3505 933 3570 dccet,
959 3503 1108 3560 vocitavere
1130 3506 1235 3558 Gracci.

136 3571 290 3626 adiectivum
308 3565 450 3640 ἄναβατος
465 3572 558 3624 throno
576 3589 699 3624 annexum
717 3572 849 3637 scansilem
867 3590 924 3628 cum
944 3579 971 3626 et
988 3573 1128 3639 elevatum,
1152 3583 1183 3628 ut
1206 3568 1237 3628 ἒν

136 3636 290 3708 recondunt,
309 3639 342 3691 dc
360 3656 410 3707 qua
428 3657 474 3692 nos
491 3639 569 3706 olibi,
584 3641 748 3698 demonstrat.

221 3731 305 3806 1222
327 3747 352 3786 r.
367 3727 395 3790 5.
427 3725 602 3809 intimantor
622 3749 672 3787 seu
694 3723 886 3812 ἕπιλούρικον
905 3735 934 3787 et
952 3728 1162 3813 ἕπιλουρίκιον.
1183 3735 1239 3793 otri

136 3812 224 3883 docti,
253 3813 345 3887 inquit
369 3813 557 3890 Glossarium,
583 3815 613 3872 id
636 3821 680 3873 est
707 3815 820 3892 Iunius,
847 3820 1052 3893 interpretantur
1067 3823 1234 3894 praetextum

134 3902 260 3958 vittatam
273 3899 345 3958 loris.
366 3919 415 3958 nou
428 3900 567 3970 debebant3
590 3901 657 3958 nidd
670 3905 737 3959 euim
748 3901 826 3960 aliud
839 3907 877 3958 cst
892 3920 970 3978 quam
988 3903 1111 3978 superata
1132 3901 1236 3958 thoraci

133 3983 290 4060 mpcmndui
307 3985 395 4043 solita.
427 3985 536 4043 notavit
560 3983 634 4042 hunc
657 3987 777 4044 eundem
799 3991 919 4043 errorem
941 3985 1014 4042 Iunii
1031 3990 1097 4043 ante
1118 3985 1234 4042 Glossa-

133 4068 205 4125 rium
222 4067 499 4138 Graeco-Barbarum
518 4069 658 4146 Rigaltius
681 4072 710 4129 iu
727 4091 778 4129 suo
800 4070 945 4129 Glossario
960 4070 1076 4128 'raetica
1096 4069 1234 4128 mirabar·
1253 4078 1256 4086 '

133 4153 210 4234 baro.
232 4161 262 4210 et
276 4155 414 4230 quamne,
435 4157 460 4214 si
477 4155 592 4214 verbum
609 4155 694 4214 verbo
711 4157 778 4214 velis
797 4156 931 4232 reddere,
953 4156 1048 4233 potius
1065 4155 1103 4210 sit
1116 4155 1233 4231 superlo-

132 4241 277 4317 arcannm,
297 4240 351 4300 hoo
368 4247 413 4301 est
426 4260 461 4304 ea
473 4241 560 4302 vestis
575 4258 649 4318 quae
666 4260 752 4322 super
765 4241 878 4302 loricam
897 4241 1042 4320 induitur,
1063 4255 1125 4296 cum
1141 4234 1233 4321 taar-
