2744 4690
458 312 506 382 IN
526 311 675 379 CODINI
695 310 779 378 GAP.
797 306 922 380 xvffl.
1163 310 1238 384 369

132 479 233 544 ossibus
249 499 283 542 nc
298 479 454 560 pulaesibus
469 477 579 556 offerat,
594 481 624 537 in
639 477 697 537 alio
715 494 776 536 aare
785 481 908 556 stuppam
921 475 974 537 lini
989 477 1122 537 subtiliter
1135 497 1234 558 pexam

132 589 167 628 ac
185 567 252 647 pilis
269 565 415 645 pensilibus
429 567 542 624 molliter
554 564 721 637 demolitam,
742 565 788 622 cus·
803 567 925 642 protinus
941 565 1014 638 iguis
1031 563 1188 643 adhibetur,
1209 571 1237 624 et

132 659 236 732 repente
252 654 282 710 in
298 654 355 710 ictu
370 651 443 709 oculi
458 652 574 729 flamma
591 648 677 708 subito
692 653 802 707 umente
815 650 994 723 consumitur,
1017 649 1179 710 utinaltero
1190 651 1236 715 ds-

130 740 191 798 beat
203 718 367 797 doass'derarc
378 734 448 813 quod
460 740 515 811 esi,
539 739 568 794 in
578 734 661 794 altero
674 733 765 792 ualeat
774 733 863 792 uidere
874 733 943 812 quod
952 733 1030 794 babet
1036 778 1047 807 ,
1064 737 1095 793 in
1104 737 1235 795 cineribus

130 824 259 902 siquidem
270 842 297 880 ss
308 824 418 880 cinerem
429 824 608 897 recognoscs'l3
627 822 656 878 in
665 825 764 898 stuppa
773 815 828 882 ι”ααι
838 817 943 895 colligit
952 821 982 878 in
994 818 1037 878 dic
1049 819 1146 880 iudicii
1155 841 1235 900 quan

130 909 218 972 subito
235 906 350 966 mundas
369 906 491 975 ardebitc
514 911 663 984 quatenus,
688 905 749 965 dusn
767 925 795 964 sc
813 903 925 962 simulac
946 923 996 964 sua
1009 910 1065 963 tarn
1079 907 1161 979 uana,
1179 912 1237 964 turn

2 999 3 1010 ¹
84 1029 86 1039 ι
126 995 211 1074 flocci
224 991 362 1072 pendenda
377 991 536 1066 considerat,
548 991 581 1050 de
597 990 745 1068 imperialis
759 990 882 1048 culminis
897 1009 1004 1048 ascenso
1012 989 1133 1068 fastigio
1142 991 1236 1050 nullu·

130 1085 209 1138 tcnsss
239 1076 395 1146 insolescat‚·
428 1083 454 1134 at
476 1075 538 1134 duas
558 1095 690 1155 possessor
709 1079 789 1154 atquc
806 1075 934 1154 possessio
953 1073 1088 1134 subiacere
1108 1078 1239 1134 carlmani

132 1167 248 1222 curiosa
265 1161 585 1236 contumulatus,
614 1163 669 1219 iarn
689 1161 770 1238 quasi
788 1161 821 1218 sle
837 1159 975 1236 singulari
991 1159 1135 1235 dignitatis
1152 1166 1236 1240 apice,

22 1283 23 1288 κ
133 1251 182 1326 qui
198 1249 237 1307 ad
254 1265 354 1306 sumna
369 1251 512 1324 pausetur
532 1251 588 1319 est,
613 1263 664 1303 uon
682 1247 804 1325 infletur.
842 1244 983 1324 polubrum
1008 1263 1070 1322 ergo
1086 1248 1238 1305 mundanae

134 1333 292 1392 condicionis
309 1331 423 1390 ordinem
445 1327 518 1390 borno
539 1329 701 1404 consideret,
722 1335 749 1388 et
770 1329 832 1389 desen
856 1333 912 1389 suis
934 1330 1026 1390 usibus
1046 1333 1134 1390 onnia
1155 1333 1239 1391 ceruit

131 1420 263 1493 otlu‘bui,
284 1437 337 1476 non
353 1416 407 1475 sibi
422 1416 469 1475 sed
483 1437 531 1476 suo
543 1416 645 1494 referat
659 1418 768 1492 gratim
784 1407 927 1484 conditori·
945 1415 1132 1477 lenocinantem
1146 1415 1239 1476 snuusli

131 1503 249 1580 gloriam
267 1503 315 1560 sub
331 1502 429 1561 iudicii
444 1505 489 1564 sui
505 1501 624 1561 calcibus
644 1500 793 1580 deprimat,
813 1504 925 1560 urorum
943 1504 1035 1560 carnis
1051 1502 1159 1561 asidam
1181 1507 1237 1562 iarn

128 1588 263 1668 puluerem
277 1586 384 1661 credot,
411 1587 480 1646 diam
497 1605 560 1645 suus
574 1589 720 1645 vocationis
736 1592 864 1664 tanquam
879 1586 1013 1665 speculum
1029 1590 1086 1646 sais
1102 1589 1237 1646 obtutibus

132 1675 291 1752 anteponat,
306 1672 457 1730 districtum
475 1671 587 1730 ultimae
603 1671 775 1731 discussionis
792 1669 923 1729 iudicium
941 1675 1141 1749 contremiscat,
1163 1693 1237 1752 qua-

133 1763 226 1830 tenus,
258 1755 321 1812 dum
337 1775 408 1840 nunc
426 1759 553 1815 creatoris
574 1759 620 1814 sui
638 1756 740 1832 legibus
763 1752 905 1828 subditur,
929 1758 985 1833 qui.
1001 1756 1070 1814 iuter
1088 1762 1236 1832 creaturas,

133 1846 331 1922 quastsrsenae
347 1845 425 1914 sunt,
444 1841 549 1900 uidetur
561 1843 677 1916 insignis
685 1885 697 1914 ,
714 1838 865 1900 incoelesti
881 1857 982 1918 qaoque
1000 1839 1090 1914 gloria
1106 1844 1236 1902 ueraciter

133 1930 171 1985 sit
187 1924 316 1984 sublimes.
358 1929 388 1982 et
403 1924 458 1984 huc
471 1925 609 1984 tendebat
622 1943 736 2001 quoqne
752 1928 865 1997 acacia,
886 1941 971 2000 quam
984 1923 1235 2003 imperatorumue

133 2025 220 2070 manu
238 2009 312 2066 serre
336 2009 461 2088 solebat,
488 2012 524 2068 de
544 2029 602 2085 qua
616 2011 673 2068 iam
686 2010 798 2090 saepius
814 2009 928 2068 dictum.
970 2016 1015 2087 est
1029 2016 1124 2068 sutem
1138 2011 1236 2070 abacia

134 2097 173 2156 ud
190 2094 306 2156 verbum
326 2097 474 2158 innocentia
489 2102 520 2156 et
533 2093 651 2156 Aeacius
666 2093 851 2190 Ιηααααίίαε,
876 2100 974 2155 uisus
988 2093 1050 2156 loco
1067 2096 1234 2156 notavimus.

585 2405 782 2418 W

439 2662 769 2740 cuPUT
827 2663 941 2744 XIII.v

163 2913 165 2919 ¹
201 2864 230 2920 p.
242 2847 293 2906 100
307 2865 335 2904 v.
349 2849 374 2906 1.
396 2842 434 2902 cai
449 2845 556 2918 οἰκεῖα]
574 2850 758 2920 dignoscuntur
775 2869 798 2906 c.
815 2853 833 2908 4
849 2852 923 2907 huius
942 2851 1035 2922 operis

219 2957 259 3016 ib.
283 2975 309 3016 v.
336 2952 365 3018 4.
408 2954 530 3035 depelle
559 2955 666 3020 πέδιλα
700 2959 816 3038 duplicis
846 2960 938 3020 calan's
970 2957 1155 3018 calceamenta.
1190 2958 1235 3016 vel

134 3040 349 3122 hincapparet
379 3042 546 3101 uocabulum
571 3041 692 3123 ὃιβολέα
717 3051 846 3122 spectare
873 3045 910 3104 ad
938 3044 1077 3122 duplicem
1106 3043 1234 3101 colorem.
1365 3095 1367 3103 ,

135 3124 252 3205 (haenc.
268 3133 296 3190 3.
311 3123 423 3205 Gon.)
439 3145 473 3186 ex
492 3146 561 3185 voce
574 3127 680 3191 πέδιλα
699 3136 799 3189 natum
817 3135 862 3189 est
883 3125 1058 3199 asdodisov,
1081 3135 1111 3187 el
1124 3127 1235 3188 Latinis
1321 3193 1329 3202 ,

135 3228 251 3288 quoque
266 3211 381 3290 pedulis.
422 3211 561 3291 interpres
573 3213 712 3276 Iuvenalis
725 3217 779 3276 Sat
794 3218 831 3279 1:
849 3216 959 3296 padules
973 3233 1051 3274 nouas
1074 3219 1103 3274 iss
1124 3215 1237 3290 breccis,

136 3315 201 3377 quos
209 3296 332 3374 pedornas
347 3295 449 3358 aaa.

205 3410 241 3465 ib.
257 3427 284 3466 v.
295 3411 322 3465 ⁸.
337 3403 626 3494 dudspspspauJJropsis
641 3411 687 3482 qui
702 3412 737 3465 ud
753 3412 857 3482 aliquod
873 3427 964 3496 munus
982 3413 1077 3467 electas
1093 3417 1134 3494 cst
1147 3415 1174 3464 et
1189 3412 1236 3496 de-

133 3479 493 3619 Ξιῖἱῗζῗὶέἒῖἳὲέῖρὶἶῖἑῗ
505 3480 1236 3619 bibilidllbbilldliilttibiibi

136 3618 246 3741 lspgiums
262 3612 450 3740 appopipsras
465 3611 481 3672 ὁ
495 3611 661 3688 ὑποψήφιας
679 3620 732 3691 (its
747 3620 826 3692 legit)
849 3614 907 3676 iub
924 3623 980 3677 criu
990 3619 1128 3690 ulnpsuoiu
1139 3614 1237 3689 adrui,

133 3703 153 3742 ss
181 3704 304 3743 consecro
316 3703 358 3745 ur.

204 3790 242 3846 ib.
257 3808 285 3847 v.
296 3791 344 3846 ess
366 3785 520 3855 descituras
541 3784 631 3862 nida]
652 3788 714 3846 vids
730 3791 799 3848 dicis
816 3793 844 3848 in
858 3795 921 3849 note
939 3792 981 3853 sd.
998 3810 1026 3866 p.
1043 3797 1079 3852 92
1094 3813 1123 3852 v.
1140 3792 1167 3850 9.

204 3902 242 3958 ib.
260 3917 288 3958 v.
302 3903 343 3958 17.
359 3896 487 3972 καμάρας
502 3896 602 3972 μικρὰς
617 3898 761 3973 τέσσαρας]
776 3905 902 3976 despatne
923 3921 1017 3962 cosona
1038 3905 1108 3960 solus
1125 3905 1235 3958 circulus

136 3971 178 4026 esi
193 3973 302 4028 irontem
319 3971 450 4038 ambiens,
467 3989 541 4041 qusus
558 3973 649 4041 genuini
665 3975 797 4044 hemicycli
819 3993 930 4046 superus
949 3976 977 4028 in
999 3989 1101 4028 crucem
1120 3975 1173 4027 acti
1189 3993 1237 4028 ex-

136 4044 238 4096 ornant.
254 4041 330 4095 radix
345 4041 420 4096 nnius
437 4040 465 4093 in
480 4042 566 4095 ironis
583 4048 623 4096 est
645 4049 672 4098 st
693 4043 721 4096 in
741 4044 873 4115 occipite,
895 4061 975 4116 supro
997 4048 1132 4126 utrumque
1148 4059 1235 4096 aurem

136 4110 256 4165 alterins:
272 4111 312 4174 its
328 4110 740 4194 qusttnorfcrniuesexsurgnnts
756 4111 870 4184 καμάρα
886 4115 951 4168 enim
968 4113 1106 4181 hemicyclo
1116 4128 1179 4184 pars
1195 4119 1237 4165 est

135 4178 228 4232 medis.
248 4180 349 4252 imperis
370 4181 530 4236 Francorum
559 4197 694 4236 successor
720 4183 855 4270 delphinus
878 4199 996 4238 carenum
1025 4184 1113 4251 gestui
1137 4181 1236 4236 duobus

135 4245 277 4304 istiusmodi
296 4250 445 4320 hemicyclia
461 4251 489 4304 iu
506 4267 607 4306 crucem
625 4257 779 4307 transversus
794 4253 819 4306 in
878 4272 918 4308 ens
939 4259 967 4306 et
989 4246 1120 4319 capcione
1135 4245 1237 4323 μικρὰς

135 4313 272 4385 τέσσαρας
287 4315 415 4390 ἔχουσαν.
433 4321 537 4382 soumis
553 4321 668 4378 Murcum
686 4271 878 4382 vuueniuffl
893 4320 999 4381 udentia
1015 4321 1138 4379 Hessius.

177 4398 271 4456 cosin
293 4401 445 4477 Gurpolol.
466 4403 500 4464 da
520 4404 597 4477 offic.
987 4391 1031 4458 24
