2822 4684
486 331 533 400 m
556 333 703 414 CODINI
723 333 806 402 ctP.
838 333 879 402 Il.
1172 337 1242 407 179

150 497 254 584 cipibus
262 497 433 575 megalducas
443 503 665 578 consanguineam
676 519 761 573 mam,
774 502 854 579 etta
866 502 919 564 11:
940 461 1051 563 Alesios
1060 501 1244 580 megalducas,

150 586 199 664 qai
212 583 293 642 casse·
311 591 367 644 arat
382 583 546 664 praefectus.
568 587 799 668 usurpanletiam
814 586 914 644 Graeci
933 584 1082 652 δουκάτον
1097 609 1150 666 pra
1166 611 1248 669 proc-

143 667 254 746 γινοίατο
273 673 303 729 et
323 667 405 731 dacto
411 690 422 738 ‚·
440 674 470 728 et
480 689 532 748 pro
546 678 663 744 moneto,
682 689 755 745 quae
775 670 922 731 Germanis
941 678 986 732 est
1003 678 1045 732 ein
1060 674 1151 736 ducat.
1172 661 1245 736 δοά-

147 746 247 830 κάτωρ
265 755 368 812 ductar.
388 753 454 812 vide
465 753 618 813 Memmium
631 755 660 813 in
682 755 826 815 Glaesaria
849 755 1085 816 Graecobarbaro.
1106 757 1170 817 olim
1190 748 1351 818 At-P189

104 919 106 922 ¹
147 838 219 896 ticae
240 843 271 897 et
290 835 465 898 Amenanus
491 839 621 921 princeps
646 859 761 917 magma
785 841 842 900 dua
865 841 1013 920 audiebat,
1034 847 1067 902 ut
1093 849 1138 902 est
1168 844 1246 924 apud

147 923 307 1000 Gregoram
321 923 338 984 l.
353 927 382 992 7.
685 948 692 968 ·
962 935 971 944 ’“
1073 941 1082 952 “

217 1003 256 1056 Ut
279 1003 365 1058 officia
391 1019 532 1072 nunqnam,
554 1003 592 1060 ita
613 1022 661 1061 nso
682 1004 825 1062 officiorum
849 1005 1033 1076 appellationes
1060 1011 1158 1062 temere
1184 1026 1246 1062 con·

146 1071 300 1126 fundendae.
333 1075 448 1142 quemvis
479 1073 566 1141 itaqua
597 1074 624 1126 in
655 1076 822 1144 posteriorum
850 1075 1029 1146 imperatarum
1058 1077 1247 1130 constitutioni-

149 1143 197 1194 bus
218 1149 393 1211 nuncupentur
420 1142 497 1194 duces
521 1141 565 1211 qui
598 1143 718 1196 limitibus
752 1144 872 1196 militibus
900 1143 1037 1211 provinciis
1068 1153 1096 1198 et
1124 1146 1246 1198 foedera-

148 1210 183 1263 tis
210 1219 333 1280 praesunt
354 1206 577 1276 torpacaamaoric
604 1210 776 1280 καταλόγους
799 1213 866 1283 τῇδε
887 1207 1039 1282 ἱδρύσατο,
1067 1211 1110 1276 οἷς
1133 1209 1170 1282 δὴ
1194 1211 1245 1281 cip·
1323 1233 1324 1240 ¹

168 1293 237 1332 οντα
253 1275 339 1333 εἰσαεὶ
355 1273 501 1346 ἐφιστάναι
525 1277 667 1349 διόρισον,
691 1276 726 1334 δν
739 1275 875 1348 Ῥωμαῖοι
891 1279 981 1334 dacica
998 1283 1033 1352 τῇ
1049 1281 1177 1336 Λατίνων
1193 1301 1245 1336 κα-

148 1299 229 1404 ictos
247 1348 329 1418 φωνῇ
339 1386 347 1416 ,
364 1349 396 1400 de
413 1347 550 1402 Iustiniana
567 1349 604 1401 ait
623 1349 762 1420 Procopius
780 1351 823 1403 ubi
840 1349 872 1402 de
889 1350 944 1402 eius
962 1351 1083 1404 aediliciis
1097 1353 1115 1404 l.
1133 1353 1175 1416 3),
1195 1352 1246 1406 dux

148 1424 235 1472 tamen
258 1433 378 1486 magnus,
400 1417 432 1470 de
455 1434 506 1486 quo
530 1418 587 1484 hic,
609 1420 698 1472 navale
722 1415 803 1471 solum
828 1419 874 1472 sub
902 1436 950 1472 sua
972 1419 1137 1502 dispositione
1157 1429 1247 1474 tenere

168 1492 253 1543 otest.
275 1502 306 1538 ac
328 1486 368 1548 ,ita
391 1485 459 1538 vires
479 1486 577 1556 imperii
600 1505 655 1540 cum
672 1503 763 1556 magno
782 1487 920 1540 domestico
937 1487 1029 1540 dividat
1044 1497 1071 1542 ut
1088 1489 1143 1559 ipse
1160 1489 1245 1552 maris,

149 1505 301 1608 domesticus
322 1559 408 1607 terrae
431 1561 584 1626 potestatem
608 1556 743 1619 sortiatur,
769 1563 846 1624 prout
869 1573 925 1610 cam
947 1566 1052 1610 auctore
1075 1559 1160 1612 statim
1185 1559 1244 1612 c.5

148 1626 272 1693 legemus.
307 1641 362 1677 eam
379 1625 412 1677 ob
428 1641 481 1676 rem
499 1624 542 1676 ubi
565 1625 649 1692 magni
671 1625 803 1678 domestici
825 1636 914 1679 nomen
936 1627 1093 1679 terrestrium
1116 1626 1250 1696 copiarum

150 1694 211 1747 duci
226 1693 349 1758 inditum,
365 1692 397 1744 de
414 1709 465 1760 quo
483 1709 565 1761 nuper
581 1693 749 1758 comunimus,
767 1695 887 1746 tunensi
904 1710 953 1745 non
970 1695 1046 1748 multo
1064 1696 1143 1748 scrius
1160 1695 1246 1765 magni

150 1762 238 1824 ducis,
253 1770 282 1814 ut
299 1760 375 1814 maris
387 1762 544 1830 praelectum
560 1761 691 1830 speciatim
706 1761 843 1826 indicaret,
859 1763 991 1829 vulgatum
1007 1764 1130 1832 suspicor.
1165 1781 1246 1833 penes

151 1833 298 1898 Gregoram
312 1831 405 1897 itaque
421 1831 439 1884 7
456 1831 473 1882 6
489 1828 554 1882 fides
568 1837 607 1882 est
625 1837 654 1882 ut
669 1829 771 1884 Atticae
791 1839 818 1882 et
834 1831 989 1882 Athenarum
1014 1832 1148 1901 princeps,
1174 1833 1245 1885 ouius

152 1899 216 1952 ditio
233 1897 332 1982 imperii
350 1899 395 1950 GP
414 1897 548 1950 frustulum
564 1899 699 1952 rescissum
717 1899 782 1964 luit,
810 1898 858 1950 iam
875 1915 892 1950 a
908 1899 1070 1953 Constantini
1090 1908 1176 1952 aetate
1189 1917 1247 1953 ma-

152 1967 199 2036 gni
215 1967 297 2034 ducas,
315 1967 371 2036 ipse
388 1967 510 2018 Romanis
525 1968 631 2020 ducibus
648 1967 762 2032 allectus,
782 1966 932 2036 dignitatem
945 1968 1024 2020 fucrit
1041 1969 1157 2037 adeptus.
1190 1987 1246 2020 me-

152 2045 237 2091 morat
254 2035 308 2089 Lea
326 2036 512 2089 Grammaticus
530 2037 582 2098 τοῦ
601 2035 726 2105 πλωίμου
749 2030 799 2089 τόν
826 2035 926 2088 δαῦκοι.
961 2037 1047 2104 magni
1063 2054 1153 2089 nomen
1171 2038 1244 2090 addi-

153 2105 193 2174 dit
217 2105 327 2159 Nicetes
351 2103 478 2158 Manuelis
507 2103 630 2158 Comneni
654 2105 710 2164 la
734 2122 784 2158 non
807 2121 858 2157 uno
876 2104 942 2157 loco.
976 2105 993 2156 Ι.
1011 2106 1044 2158 όν
1067 2100 1083 2159 ό
1103 2101 1244 2174 Mavortii.

152 2169 257 2228 στέλλει
278 2167 439 2241 τδν·.·με’γαν
463 2173 552 2226 dacisca
574 2169 625 2228 τόν
647 2168 880 2241 Κοντοστέφοινον
896 2164 1071 2239 Ἀνδρόνικον
1096 2173 1161 2241 περί
1186 2192 1244 2226 που

152 2237 206 2306 τάς
222 2233 321 2304 ἑκατόν
336 2239 384 2296 καί
400 2238 571 2310 πεντήκοντα
587 2240 715 2313 τριήρεις
726 2237 841 2312 ἔχοντα,
863 2237 907 2295 ὅτι
928 2238 999 2312 μηδὲ
1021 2243 1078 2297 coia
1092 2244 1243 2298 Bastetanis·

153 2307 171 2369 d
195 2307 293 2372 στόλος
308 2299 353 2379 ,ἦν
381 2305 560 2379 ἐνδεέστερος.
600 2311 626 2365 in
651 2310 742 2377 Alexio
767 2310 893 2364 Manuelis
911 2311 984 2364 huius
1005 2311 1060 2365 m-
1077 2305 1201 2381 ὥρμησεν
1227 2307 1243 2366 ό

152 2375 379 2451 πραταοέβαστος
395 2373 461 2439 caric
477 2374 659 2443 πιστοτάτους
674 2377 761 2452 accita
777 2374 919 2448 tarassiam
934 2377 1114 2450 τριηράρχοις,
1130 2379 1177 2434 καί
1188 2397 1243 2434 τια-

152 2449 292 2517 ραδοῧναι
317 2442 406 2502 ariade
427 2450 487 2510 τοῖς
510 2443 605 2518 ἐκείνῳ
627 2443 699 2502 κατά
721 2445 801 2518 γένος
823 2442 966 2518 ἐγγίζουσι.
1000 2451 1052 2502 τοῦ
1073 2444 1105 2504 δ)
1121 2445 1243 2517 μεγάλου

153 2513 257 2579 conata
272 2519 323 2570 roci
340 2514 573 2584 Κοντοοτεφάνου
589 2512 835 2585 caramlocum,
852 2515 900 2570 uui
915 2517 966 2585 τῆς
980 2517 1142 2586 στολαργίας
1158 2515 1244 2571 παντὶ

106 2587 108 2590 ’
152 2583 247 2659 τρόπῳ
278 2581 440 2656 ἒξεγομὲνου
462 2581 499 2647 cic
527 2581 603 2658 arisai
626 2585 674 2640 aad
697 2581 749 2656 οόγ
770 2579 855 2656 ἕτὲρῳ
878 2581 1027 2654 δήπουθεν
1042 2586 1243 2674 προσηκούσης,

153 2652 329 2724 ἀναγκαστῶς
345 2649 397 2724 τὴν
417 2651 546 2724 βούλησιν
565 2655 755 2724 μετατίθησιν.
790 2654 917 2708 subditura
942 2652 990 2707 sai
1012 2650 1050 2722 δὴ
1068 2673 1083 2708 ο
1100 2673 1153 2724 μεν
1169 2657 1245 2708 Κον-

153 2720 322 2792 τοστὲφαυος
335 2719 506 2787 Ἀνδρόνικος
518 2719 615 2791 κόριος
630 2718 806 2792 καθειστήκει
821 2722 872 2776 τοῦ
886 2719 986 2776 στόλου
1001 2719 1115 2786 παντός.
1150 2722 1243 2777 lsaaoii

154 2795 246 2862 Angcli
262 2795 281 2848 l.
298 2795 330 2849 3:
355 2790 457 2846 στέλλει
469 2787 604 2855 Ἰσαάκιος
618 2788 669 2847 τόν
685 2793 759 2846 ίδιον
783 2786 937 2858 ἐξάδελφον
957 2793 1183 2861 Κωνσταυτῖνον,
1208 2785 1244 2846 δν

153 2862 201 2919 καὶ
218 2863 305 2916 dorica
321 2863 373 2916 coci
387 2856 487 2914 στόλου
502 2859 686 2932 κρουβάλετο.
721 2865 794 2915 Anna
818 2860 948 2913 comnena
970 2855 1056 2928 με’γαν
1079 2861 1170 2916 δαῦκοι
1183 2857 1244 2913 'lco-

154 2929 245 3000 άννην
261 2925 329 2998 μετά
346 2926 446 2985 στόλον
469 2929 589 2999 μεγάλου
618 2930 645 2983 iu
662 2931 775 3000 Cyprum
791 2930 872 2982 refert
898 2929 1000 2982 missum
1018 2929 1035 2981 l.
1053 2929 1078 2982 8.
1113 2930 1244 2984 Constan-

153 3001 233 3054 tinum
258 3001 425 3054 Delassenum
449 2999 519 3052 lacta
540 3001 571 3053 ad
601 3017 692 3053 nomen
715 2997 838 3052 allusione
862 2993 1113 3064 θαλασσοκράτορα
1136 3003 1242 3066 epatre

154 3069 258 3137 Alexio,
275 3086 395 3124 novorum
413 3067 537 3122 nominum
555 3078 583 3123 et
605 3069 755 3137 dignitatum
778 3073 896 3130 auctora,
922 3060 1190 3136 προκεχειρισμένον,
1211 3085 1244 3122 aa

154 3139 262 3192 inferius
281 3138 373 3192 ’δαῦκοι
396 3137 514 3205 Κάπρου
531 3138 692 3192 nominatum.
727 3137 839 3190 meminit
858 3136 933 3188 etiam
949 3136 1033 3204 magni
1049 3135 1120 3187 ducis
1137 3135 1243 3189 Latinus

154 3207 255 3274 Tyrius
270 3209 305 3260 ΞΟ
325 3210 370 3260 lle
404 3207 475 3260 misit
493 3225 550 3260 cosm
566 3210 648 3260 classe
675 3207 846 3275 megalducas
869 3207 1086 3274 consanguineam
1102 3221 1191 3267 saum,
1215 3210 1244 3256 et

153 3277 191 3332 22
210 3279 254 3330 112
277 3277 382 3330 Alamos
396 3277 573 3344 megalducas,
591 3277 636 3344 ηκί
651 3277 729 3330 classi
744 3281 803 3328 crat
816 3279 971 3344 praefectus.
1005 3272 1092 3326 iuncta
1107 3279 1246 3341 corrupta-

155 3361 208 3414 que
224 3350 284 3397 sunt
300 3344 364 3396 haec
379 3345 472 3408 verba,
493 3344 566 3398 aiunt
585 3344 702 3414 quidemr
725 3359 825 3412 aquo,
848 3359 898 3395 non
920 3341 1071 3396 edisserunt.
1106 3348 1176 3396 certe
1192 3357 1244 3395 non

153 3411 205 3468 nisi
223 3430 240 3465 a
256 3411 339 3480 Tyrio
354 3413 480 3483 scriptore
496 3413 606 3466 barbare
623 3411 798 3480 megalducas,
819 3406 936 3478 μεγάλας
956 3409 1059 3474 daciane
1084 3408 1160 3476 vice,
1180 3427 1244 3480 pro-

154 3482 289 3548 nuntiante
307 3497 429 3534 conneso.
463 3499 515 3536 vox
529 3477 646 3551 μεγάλας
659 3479 769 3534 trivialis
782 3478 856 3543 licet,
881 3496 944 3548 pree
958 3473 1059 3546 μέγας,
1081 3477 1163 3530 minas
1179 3495 1244 3532 ano-

155 3552 223 3607 mala
238 3559 292 3606 aste
308 3551 392 3604 lateat
405 3549 526 3618 ,δοῦκας,
541 3551 598 3603 vice
613 3545 698 3616 δοόξ,
713 3547 877 3618 grammatico
892 3549 947 3624 iore
966 3547 1111 3599 recentiore
1125 3546 1213 3616 scribi.

237 3653 270 3712 p,
280 3634 301 3694 9
316 3650 342 3689 v.
356 3633 384 3696 5.
417 3630 618 3708 Protostrator]
645 3630 778 3690 mendose
798 3626 906 3686 codices
924 3625 1051 3686 nonnulli
1070 3619 1245 3708 πρωτοστά-

154 3739 237 3800 ταρ.
265 3716 381 3777 Nicetes
393 3717 532 3775 existimat
544 3716 754 3794 protodoctorem
767 3731 828 3770 esse
840 3709 1007 3772 Latinorum
1023 3711 1245 3772 mareschalcum.-

154 3803 197 3862 ita
211 3801 474 3862 eniminBalduino
488 3802 524 3859 de
546 3799 671 3860 Gofredo
692 3798 822 3874 laquens:
848 3793 1047 3878 μοιρόσχαλκος
1063 3788 1105 3876 ἦν
1126 3789 1245 3872 άξίωμα

154 3881 283 3969 όάνήρ,
305 3888 395 3967 δηλοῖ
411 3883 444 3948 δὲ
463 3878 536 3948 καθ’
554 3883 678 3964 iliacae
696 3881 719 3964 ἡ
741 3875 832 3962 φαντὶ
847 3875 899 3944 τὸν
918 3875 1173 3963 πρωτοστράτοιρα
1190 3879 1245 3958 (ita

152 3974 348 4054 scribendum,
368 3972 393 4031 si
404 3969 536 4032 Latinam
556 3971 740 4046 quantitatem
760 3972 884 4044 spectes:
905 3967 1024 4026 accurrit
1036 3971 1130 4024 tamen
1146 3963 1244 4022 crebro

156 4077 209 4140 per
250 4082 284 4135 o,
303 4053 573 4138 ττρτοτοστράτορο).
597 4055 717 4114 Ioannes
742 4049 915 4130 curopalate
931 4052 962 4110 in
983 4047 1143 4128 Theophila
1159 4050 1245 4104 vocat

156 4147 220 4208 τόν
236 4139 410 4221 ίαττοκόμαν
424 4146 557 4224 πρῶτον,
574 4142 640 4218 quia
654 4140 707 4198 illis
725 4141 862 4219 praeerat
882 4137 968 4198 etiam
978 4133 1095 4214 simplex
1111 4128 1245 4211 στράτωρ

155 4236 304 4308 usurpem
329 4229 446 4288 Soidas:
476 4221 609 4309 στράταρ
638 4221 716 4297 εἶδος
734 4217 909 4302 ἀξιώματος.
935 4223 967 4282 ia
992 4216 1143 4282 donatione
1165 4213 1244 4274 Con-

156 4316 289 4382 semum:
305 4316 470 4403 στράταρος
484 4307 631 4396 όφφίκιου
650 4301 841 4391 ἐποιήσαμεν.
925 4373 929 4382 ,
