2802 4686
150 305 223 399 150
301 303 524 375 anensem
535 303 592 373 ET
609 301 742 372 count
755 295 1088 369 COMMENTARIUS

144 469 336 554 τερωτυτεαπρξ,
372 460 442 538 ἔχων
458 457 491 518 δὲ
509 457 540 518 ἐν
555 461 592 534 τῇ
608 455 738 546 ἐκνὶησὶρ
757 453 793 516 sd
817 459 942 530 τρωτεὶυε
965 453 1070 516 πάντα.
1104 463 1135 517 at
1156 461 1257 528 πυπύρ

148 545 309 600 sacerdotem
320 535 428 600 sufficet,
444 533 505 588 vide
516 531 700 600 mucuologuo.

233 641 322 704 Notio
335 647 365 700 et
378 639 458 716 origo
471 637 593 698 nominis
607 637 677 696 satis
691 640 810 698 constat
851 633 929 712 apud
943 632 1140 695 Balsamonem
1153 641 1222 698 tom.
1235 637 1252 700 1

124 776 131 796 ε
148 729 222 794 luris
236 727 293 789 GR
306 727 425 805 legimus
440 723 657 804 protopopudcs,
670 729 705 782 ut
723 725 816 780 rectus
829 721 868 780 sit
881 716 1135 802 πρωτωπωτύδης.
1168 721 1257 780 inter-

148 834 215 895 pres
233 810 456 892 primopopodur:
485 809 538 868 sed
568 809 658 867 satius
680 807 792 867 videtur
813 805 844 864 in
868 805 959 864 biset
976 805 1112 865 similibus
1135 807 1258 866 retinere

149 899 269 964 Graeca
310 898 342 958 in
368 893 574 972 Tureograecia
595 893 644 954 fol.
663 892 846 957 traiicitur
869 895 1076 972 πρωτοπυττύς
1096 889 1115 954 δ
1138 895 1258 972 πρῶτος

150 989 213 1052 roio
237 979 352 1064 ἱερέων.
393 982 455 1039 iura
475 980 549 1038 illius
576 981 606 1040 in
624 979 724 1039 eadem
745 977 954 1055 Turcograecia
980 977 1030 1038 sol.
1056 975 1119 1041 258
1140 1000 1259 1060 πρωεο·

144 1071 322 1138 ,aunuatim
335 1065 520 1146 appellantur.

230 1175 260 1233 p.
273 1159 330 1222 6r.
344 1158 373 1216 2.
416 1151 550 1228 Sequitur
572 1147 590 1213 δ
603 1142 786 1228 δευτερεύων
800 1148 862 1208 roiv
876 1141 995 1226 ἱερέων,
1016 1143 1145 1206 secundus
1166 1164 1259 1205 rore-

152 1239 260 1315 dotum,
282 1229 445 1302 εἱσυδεύωυ
459 1233 530 1308 τούς
545 1234 650 1316 ἱερεῖς,
673 1236 731 1292 dux
742 1238 771 1292 et
784 1239 945 1291 antecessor
958 1233 1135 1291 sacerdotum
1147 1235 1178 1289 et
1190 1251 1260 1308 pro-

153 1327 244 1386 ximus
262 1343 280 1384 a
296 1328 471 1401 protopapa‚
493 1339 578 1400 quem
595 1319 691 1380 Iunias
707 1337 765 1383 non
779 1317 853 1380 male
878 1319 1105 1400 deurrpomurcrio
1124 1317 1259 1394 appellat.

152 1417 186 1476 at
199 1409 271 1471 male
283 1409 368 1471 illud:
387 1411 435 1487 qui
447 1406 594 1466 sacerdotes
608 1405 767 1478 introducit,
790 1398 970 1478 riccerico,
991 1406 1116 1462 nimirum
1130 1406 1159 1460 io
1172 1403 1260 1462 tribu·

153 1497 265 1572 acl„si
285 1513 365 1574 quom
387 1512 496 1552 causent
517 1491 651 1570 egendum
670 1491 820 1551 habuerint.
862 1489 940 1548 nullo
965 1490 1067 1546 modo:
1094 1505 1160 1545 nam
1180 1487 1262 1549 εἱσο·

154 1577 255 1649 δεύειν
274 1585 320 1642 est
341 1597 403 1638 esse
421 1577 538 1642 aliorum
561 1578 591 1635 in
603 1577 688 1636 sacris
701 1575 860 1634 ministeriis
874 1572 1063 1640 functionibus
1077 1579 1107 1631 et
1119 1573 1263 1649 supplica-

154 1666 278 1732 tionibus
300 1665 399 1730 dueem
419 1667 449 1722 et
474 1662 555 1738 quasi
576 1667 782 1721 antecessorem
804 1666 835 1721 et
856 1662 1018 1732 ductorem3
1038 1659 1115 1742 quod
1128 1659 1212 1716 etiam
1225 1675 1262 1719 ex

154 1750 343 1828 descriptione
358 1751 414 1810 rori
435 1743 660 1826 δευτερεύοντες
680 1745 807 1823 diaconi,
831 1763 904 1822 quae
925 1746 1051 1821 proxime
1071 1743 1262 1822 subiungitur,

154 1837 334 1902 manifestum
351 1832 454 1894 evadit
496 1834 704 1916 deuteropapae
720 1829 840 1914 nullam,
862 1832 978 1894 sirecte
994 1829 1122 1910 memini,
1142 1831 1264 1891 mendo·

158 1941 225 1990 nem
239 1921 306 1984 lacit
319 1919 433 1979 Citrius.
517 1961 547 1984 ,ε
830 1960 834 1970 s

227 2037 311 2107 pbr.
320 2036 346 2094 2.
354 2031 493 2088 Allutiauor
505 2027 522 2086 δ
534 2025 705 2100 δευτερεύων
714 2029 871 2101 ἱειτουρρεὶ
878 2024 926 2084 καὶ
937 2022 1098 2098 αύτδεμετᾶ
1108 2029 1160 2084 τού
1169 2023 1261 2101 ἄρχετ-

157 2101 230 2171 ρὶως
248 2107 309 2171 (hoc
320 2111 360 2156 ert
379 2117 434 2156 cum
452 2101 615 2170 patriarcba.
640 2118 697 2154 cum
713 2117 764 2170 quo
784 2099 849 2154 alias
865 2099 915 2152 soli
934 2099 1051 2170 episcopi
1068 2098 1215 2166 celebrant,
1232 2105 1264 2153 ut

159 2189 218 2233 oum
238 2172 367 2246 episcopis
384 2171 558 2239 sacerdotes).
591 2165 663 2225 ὅταν
679 2165 797 2225 ἱεὶττεεδ
815 2167 1023 2240 apocarteresin,
1045 2163 1101 2240 ἔχει
1116 2161 1148 2224 to
1164 2169 1199 2241 τῇ
1218 2162 1265 2224 ἐτ-

160 2243 261 2316 ereata
277 2239 314 2297 roi
331 2243 456 2310 πρωτεῖα
475 2237 581 2298 πάντα.
1049 2295 1051 2299 Α

243 2367 272 2424 p.
287 2351 307 2412 6
325 2365 351 2405 v.
366 2343 395 2408 4.
438 2344 561 2404 Ultimus
581 2343 634 2404 hac
659 2348 740 2403 sexta
758 2347 883 2421 pentade
898 2349 943 2403 est
965 2339 984 2408 δ
1004 2336 1187 2422 δευτερεύων
1202 2343 1266 2403 τῶν

160 2428 325 2503 διακόνων,
343 2429 472 2490 secundus
486 2431 628 2504 diaconus,
649 2433 768 2510 πρῶτος
781 2433 843 2493 τοῖν
858 2433 988 2509 κοινῶν,
1014 2429 1120 2506 primus
1134 2448 1169 2488 ex
1187 2447 1267 2488 com⁴

159 2518 290 2584 munibus
304 2516 428 2576 diaconis
433 2555 443 2595 ,
464 2514 517 2576 καὶ
529 2509 691 2576 εἰσυδεύωυ
705 2509 777 2587 τούς
793 2509 961 2589 διακὸυους.
1002 2514 1113 2574 Iunius:
1135 2521 1160 2573 et
1174 2513 1267 2572 dioro·

160 2625 209 2672 nor
223 2607 394 2672 intromittit5
410 2601 546 2677 additque
562 2601 616 2660 hoc
629 2599 778 2658 scholium:
802 2604 832 2661 io
842 2601 997 2680 functiones
1014 2608 1040 2659 et
1055 2603 1181 2660 stationes
1194 2603 1267 2677 ipso-

161 2707 229 2749 rum.
271 2695 304 2748 tn
326 2687 448 2765 corrige:
469 2687 519 2765 qui
538 2687 718 2746 diaconorum
737 2687 846 2762 ductor,
867 2693 968 2756 rector,
992 2685 1104 2745 director
1125 2691 1155 2744 et
1173 2691 1207 2743 ut
1225 2683 1268 2742 sic

161 2775 253 2842 dicam
267 2775 407 2850 dispositor
422 2778 475 2831 ert.-
498 2770 553 2830 hoc
566 2771 640 2834 enim
657 2776 702 2830 est
718 2768 899 2847 εἰσοδεύειν,
922 2771 999 2852 quod
1014 2772 1154 2849 significat
1168 2788 1268 2846 quem·

161 2859 231 2920 libet
241 2860 271 2920 in
286 2859 360 2918 viam
378 2875 459 2916 suam
475 2857 556 2931 quasi
575 2857 767 2933 introducere,
787 2863 821 2919 ut
836 2857 909 2918 sciat
924 2875 1007 2934 quem
1020 2859 1146 2916 ordinem
1162 2861 1192 2914 et
1207 2861 1268 2917 sta-

162 2945 269 3003 tionem
292 2948 389 3001 tene're
413 2941 523 3000 debeat.
575 2942 646 3000 vidit
671 2943 786 3000 tandem
809 2941 908 3000 lunius
932 2942 1005 3004 banc
1031 2943 1189 3019 notionem,
1215 2940 1269 2998 sed

155 3028 244 3108 ,quasi
265 3046 317 3103 per
335 3026 481 3102 nebulam,
502 3030 535 3083 ut
554 3033 674 3102 apparet
690 3046 726 3084 ex
746 3025 852 3086 scholio
867 3029 946 3103 quod
958 3047 1026 3086 suae
1043 3025 1268 3104 interpretationi

160 3113 295 3174 adiunxit.
338 3131 373 3170 ex
393 3129 450 3188 quo
464 3117 576 3188 tamen,
599 3117 733 3186 tanquam
746 3113 776 3170 in
792 3113 875 3170 rebus
889 3113 1081 3172 ecclesiasticis
1095 3113 1269 3172 Graecorum

162 3197 245 3257 valde
257 3197 362 3256 sedicet
375 3196 477 3274 perito,
494 3197 684 3271 quaerendum
698 3203 759 3256 erat
774 3217 860 3274 quare
873 3197 988 3260 verbum
1004 3195 1168 3262 εἱσοδεύειν
1180 3199 1268 3255 iuter-

163 3289 293 3362 pretatus
307 3283 362 3362 sit,
378 3281 497 3361 loquens
513 3283 548 3339 de
562 3284 709 3340 sacerdote
724 3285 866 3362 secundo,
887 3285 1052 3344 introducens
1066 3284 1127 3342 illos
1141 3287 1169 3342 iu
1184 3283 1267 3341 tribu·

158 3369 226 3445 ool,
249 3373 368 3448 siquam
384 3387 492 3426 caurum
505 3368 636 3442 agendam
657 3368 810 3442 tabuerint,
828 3369 959 3444 idemque
981 3369 1098 3434 verbum
1116 3369 1215 3427 eadem
1229 3367 1269 3424 si-

161 3453 341 3532 gnificatione
360 3471 419 3511 non
443 3453 645 3528 interpretatus
670 3455 708 3512 sit
732 3455 762 3512 in
791 3455 978 3528 descriptione
1005 3455 1121 3513 secundi
1148 3451 1269 3528 diaconi,

162 3541 327 3626 praesertim
340 3558 404 3598 cum
417 3537 542 3596 diversae
556 3540 679 3598 notionis
693 3539 800 3600 nullum
812 3559 928 3617 prorsus
943 3541 1076 3600 indicium
1094 3538 1270 3617 Curopalata

165 3627 284 3686 dederit

249 3711 354 3769 Verum
374 3713 408 3766 ut
420 3697 573 3766 accuratius
589 3707 775 3786 intelligamus
789 3713 919 3768 naturam
932 3713 962 3767 et
975 3715 1009 3768 ut
1023 3710 1064 3768 sic
1083 3711 1174 3769 dcam
1187 3709 1269 3766 indo-

164 3792 221 3854 lem
234 3795 316 3855 hnius
333 3793 456 3869 diaconi,
475 3795 713 3868 operaepretium
730 3795 783 3852 erit
800 3795 895 3852 audire
916 3794 1049 3853 loannem
1069 3797 1205 3870 Citrium,
1225 3793 1270 3850 cui

165 3881 235 3940 haec
244 3883 343 3959 ignota
355 3898 414 3938 non
428 3879 557 3951 fuerunt3
576 3879 624 3953 qui
638 3881 678 3937 ait
693 3881 841 3939 diaconum
855 3880 941 3938 istum
954 3900 1012 3939 non
1031 3881 1097 3958 eligi
1117 3887 1168 3940 aut
1183 3879 1271 3938 creari

164 3968 328 4044 simpliciter
341 3966 379 4023 ad
393 3964 474 4022 unius
488 3962 648 4041 arbitrium,
669 3966 719 4022 sed
737 3960 801 4026 κατ’
812 3961 954 4045 ἐκλογήν,
973 3985 1021 4044 per
1033 3967 1188 4043 suffragio:
1207 3982 1271 4022 esse

165 4053 241 4112 enim
255 4050 392 4112 eiusmodi
405 4049 540 4124 officium,
566 4051 643 4123 quod
663 4050 805 4109 desideret
819 4050 909 4109 virum
922 4053 1051 4109 deinum
1065 4057 1220 4128 aptumque
1232 4048 1270 4108 ad

166 4157 263 4198 omnes
285 4138 371 4197 etiam
391 4134 508 4192 fortuito
531 4141 706 4192 occurrentes
723 4137 896 4208 functiones3
918 4155 1037 4212 quorum
1051 4137 1161 4213 aliquas
1174 4153 1272 4196 receu-

168 4229 222 4282 set.
264 4224 354 4302 prima
377 4225 422 4278 est
444 4217 576 4294 ingressis
601 4219 631 4277 in
652 4221 788 4296 templum
811 4221 1024 4298 imperatoribus
1049 4226 1079 4279 et
1104 4221 1273 4298 patriarchis

169 4307 270 4367 faustis
289 4303 533 4367 acclamationibus
553 4301 626 4364 bene
648 4308 771 4387 precari,
795 4315 825 4367 et
838 4312 872 4366 ut
884 4305 1011 4365 (lodinus
1025 4312 1124 4366 noster
1135 4307 1275 4384 loquitur,
