2798 4690
156 321 230 392 262
320 316 529 390 GRETSERI
541 317 597 385 ΕΤ
613 315 745 386 (30de
758 311 1088 384 COMMENTARIUS

226 502 254 555 p.
265 483 299 540 85
310 501 337 536 v.
348 485 373 540 7.
392 479 440 536 ἴνα
454 475 645 551 σημηγοοήσγ]
663 477 742 533 verba
760 478 845 532 tacere
864 475 897 530 da
911 475 988 530 rebar
1003 475 1083 530 sacris
1096 474 1130 529 sd
1139 479 1256 531 suatum

160 559 188 606 et
221 553 342 638 populum
367 551 534 620 imperatores
562 549 666 603 Graeci.
707 547 878 616 Theophanes
906 545 1039 598 erasmus
1063 545 1180 599 Zonaras
1201 551 1256 600 tam

158 639 233 692 grava
254 623 342 676 morbo
369 620 489 673 iactatum
514 618 625 670 Leonem
653 617 802 688 Sapientem
829 616 943 668 minuat
969 609 1006 676 alc
1028 607 1068 684 μὴ
1091 614 1257 683 decidivum

160 691 342 759 διαλεχθῆναι
359 688 394 760 τῇ
410 682 550 758 συγκλήτῳ
568 681 620 754 τὴν
637 683 748 754 συνήθη
766 680 906 751 διάλεξιν,
926 677 946 752 ἢ
963 685 1089 737 καλεῖται
1105 680 1255 742 salinator.

157 762 313 814 renodantur
339 758 371 810 ab
396 756 477 810 amico
498 755 641 821 Combctia,
664 770 728 825 quas
750 753 782 806 dc
802 752 920 817 Christo,
944 750 977 804 da
995 751 1026 806 a.
1048 751 1086 817 V,
1109 751 1142 804 de
1158 752 1256 804 sanctis

159 829 245 900 pinnas
262 833 370 896 vegetus
387 824 561 896 pronuntiavit
577 840 714 878 sermones.
749 820 895 879 Alexander
913 819 986 874 huius
998 820 1091 873 Lesas
1102 821 1192 884 trater,
1210 838 1257 874 ra-

110 917 116 926 ·
159 901 260 950 terente
280 894 417 956 cedreno.
437 888 496 962 ἅμα
512 889 645 962 Νικολάῳ
661 888 814 949 καθεσθεὶς
828 883 860 943 ἐν
875 888 911 960 τῇ
926 885 1104 964 Μαγναύογι,
1120 889 1258 943 cotrariae

159 961 310 1034 γενομένου
324 959 377 1034 τὴν
394 957 541 1031 Ελῦθυμίοο
556 959 722 1028 καθαίρεσιν
733 953 893 1028 ἐποιήσατο.
928 957 1031 1011 Manoel
1043 958 1195 1024 Comncnus,
1206 957 1258 1012 Ni·

161 1044 218 1086 ceta
235 1035 360 1105 scriptore
376 1032 403 1086 in
421 1031 475 1084 aios
493 1030 547 1084 vita
563 1030 580 1083 l.
601 1033 633 1096 7,
654 1047 707 1082 κατ
743 1026 874 1097 pappiana
890 1020 971 1080 datvs
986 1023 1101 1095 λόγους,
1122 1020 1172 1091 ode
1187 1041 1258 1096 poros

160 1099 299 1169 σιλένσια,
316 1100 364 1156 καὶ
378 1095 528 1170 κλοκοινὴν
542 1093 693 1152 ciriacam
730 1092 809 1164 κοήν.
843 1095 877 1148 de
901 1095 989 1149 Leone
1013 1095 1129 1149 Armenio
1155 1094 1258 1149 dixerat

161 1171 233 1241 prius
243 1171 332 1224 brevis
344 1175 371 1224 at
382 1168 482 1222 mutilus
493 1169 654 1222 continuator
666 1165 831 1234 Theophanis
841 1160 872 1218 sd
890 1162 965 1230 πρωῒ
980 1157 1109 1232 iacincto
1125 1159 1259 1218 σιλὲντιοκ

161 1235 259 1304 ovida
282 1240 332 1308 rtis
359 1232 505 1306 ἀληθείας.
544 1237 640 1289 idcirco
662 1235 764 1288 demum
781 1234 866 1300 mnam
887 1232 1082 1302 imperatoribus
1105 1233 1260 1288 Christianis

162 1309 302 1382 praelatum
319 1307 409 1361 asserit
428 1305 560 1362 Balaamon
577 1303 645 1372 quod
665 1297 774 1372 λαμπὰς
788 1301 989 1355 adumetinus*
1003 1295 1077 1356 dorla
1093 1299 1259 1372 ἀξιώματος,

163 1387 192 1431 et
210 1373 416 1448 αὖγοκράκορεο
430 1374 618 1445 caramancio
633 1367 776 1443 ὁμιλοῦσιν
792 1371 834 1440 cpi
848 1367 1025 1443 γοισκανύμφ
1037 1371 1108 1445 λαῷ.

230 1487 266 1540 a.
283 1504 312 1542 v.
327 1487 353 1541 8.
369 1479 532 1572 adsppcrp'ap
549 1477 696 1552 ὄφφικλον]
713 1482 751 1536 ita
767 1479 912 1536 comnenus
926 1479 1041 1545 alexius,
1057 1483 1124 1534 teste
1140 1479 1260 1535 filincino

164 1555 235 1608 vitae
250 1556 268 1608 l.
288 1558 318 1621 1,
346 1550 379 1608 cd
405 1551 487 1623 pipare
509 1548 632 1623 ααὲλαβε
655 1545 734 1675 capp
750 1551 802 1604 rori
816 1543 1024 1616 αὐτοκράτορος
1041 1544 1095 1620 τὴν
1109 1551 1163 1605 rori
1178 1549 1261 1623 σεβα·

162 1628 230 1680 σνοῦ
246 1620 345 1692 ἀξίαν,
360 1618 494 1695 asinaria
508 1617 682 1692 dispariata
743 1615 828 1689 pianr
842 1616 1005 1690 σαγκλήτοο.

246 1739 283 1798 ib.
301 1755 328 1796 v.
352 1739 400 1801 18.
438 1733 644 1816 apocrisiarius]
672 1739 718 1792 est
741 1733 786 1791 hic
810 1731 938 1811 legatum,
973 1733 1022 1810 qui
1056 1731 1170 1794 alterius
1196 1733 1259 1795 loco

162 1821 326 1901 imperatori
344 1820 450 1898 aliquid
473 1821 622 1902 proponit3
644 1819 721 1894 quod
746 1824 841 1876 tamea
857 1817 967 1876 nonnisi
981 1837 1033 1896 per
1051 1819 1262 1897 protovestiari-

163 1914 230 1985 ten,
250 1911 281 1966 et
296 1907 350 1966 hoc
370 1907 487 1965 absente
504 1925 555 1986 per
576 1923 709 1980 magnum
731 1902 969 1980 hetaeriarcham,'
984 1909 1014 1962 et
1029 1902 1084 1962 hoo
1099 1903 1196 1962 itidem
1210 1903 1261 1963 ab·

163 1999 244 2051 sente
258 2011 309 2072 per
322 1991 506 2070 primicerium
526 1989 606 2048 auiae
619 1990 678 2048 fieri
691 1993 813 2068 poterat
835 2005 902 2046 cave
915 1994 1010 2047 autem
1025 2006 1061 2046 ne
1075 1987 1261 2066 ob'ambigui·

164 2083 254 2136 tatem
275 2077 375 2136 Graeci
402 2083 496 2136 textus
520 2076 639 2155 primum
660 2073 906 2153 protovestiariten
928 2091 1012 2132 crees.
1042 2093 1100 2132 aon
1121 2075 1196 2132 enim
1215 2075 1261 2134 hic

163 2181 264 2221 sensus
277 2167 338 2242 est,
356 2163 707 2242 primumprotacestiaritcn
723 2159 770 2217 λοο
780 2179 872 2238 porra:
892 2157 944 2217 sed
963 2160 1038 2217 inter
1054 2177 1150 2218 omnes
1161 2165 1262 2238 protn-

164 2247 326 2306 vestiariten
346 2249 466 2329 apciror
485 2246 605 2326 primurn
623 2249 690 2303 ante
708 2262 804 2302 omnes
824 2261 887 2301 esse
908 2243 952 2304 cui
974 2243 1136 2325 imperatori
1155 2243 1260 2323 aliquid

165 2333 195 2391 in
208 2332 347 2412 parastasi
358 2332 536 2414 proponendi
548 2331 592 2390 ius
605 2335 635 2391 et
647 2327 766 2390 facultas
775 2334 919 2411 suppetat.

250 2451 309 2508 Sed
331 2456 365 2509 ut
383 2447 421 2509 ad
444 2446 650 2527 apocrisiarium
669 2447 714 2508 vel
737 2448 935 2528 apocrisarium
953 2427 1066 2508 (lictumx
1082 2465 1100 2507 a
1119 2447 1260 2532 responsis

59 2535 82 2588 P
99 2537 150 2592 209
166 2542 354 2614 revertamur,
373 2541 419 2594 est
436 2535 624 2594 internuntius
643 2551 809 2614 responsum
823 2536 915 2608 ferens
936 2539 985 2593 aut
999 2534 1150 2614 accipiens,
1171 2540 1202 2594 et
1217 2537 1261 2592 est

166 2621 277 2698 legatus
296 2620 340 2682 vel
368 2627 531 2699 procurator
551 2617 712 2680 conficiendi
730 2619 843 2678 aienius
864 2620 971 2696 negotii
991 2639 1076 2680 causa
1093 2620 1203 2683 missus.
1231 2619 1263 2677 in

166 2706 293 2786 epistolis
304 2707 333 2764 S.
350 2706 503 2784 Gregorius
516 2725 635 2783 magnus
650 2711 679 2763 et
694 2703 739 2764 alii
752 2703 873 2764 Romani
884 2705 1029 2783 pontifices
1042 2708 1262 2782 apariaarioram

167 2798 197 2852 et
209 2791 394 2871 responsalium
407 2791 513 2870 passim
527 2791 683 2850 meminere.
705 2790 839 2866 originem
859 2789 945 2848 habet
966 2809 1020 2848 vox
1041 2784 1102 2851 ini
1117 2793 1172 2852 rori
1185 2783 1262 2850 ciao-

166 2879 323 2953 κρλνομαι,
346 2877 423 2952 quod
441 2881 486 2934 est
498 2895 646 2953 responmm
658 2876 730 2934 dara.
750 2875 927 2954 hodiereges
942 2881 971 2933 et
987 2875 1125 2955 principes
1150 2875 1180 2932 in
1199 2872 1263 2932 aula

167 2960 307 3040 pontilicis
326 2965 356 3018 et
383 2959 500 3018 aliorum
526 2979 623 3036 regum
643 2978 710 3016 suos
738 2959 844 3017 habent
863 2959 986 3037 legatos,
1008 2961 1057 3036 qui
1077 2979 1174 3019 revera
1195 2964 1264 3017 sunt

167 3046 344 3121 apocrisarii,
366 3044 507 3120 responsis
528 3044 650 3101 ferendis
668 3048 698 3101 et
711 3043 877 3123 accipiendis
898 3045 1038 3104 destinati.
1070 3043 1135 3118 olim
1149 3043 1284 3104 ecclesia
1383 3040 1386 3084 i

167 3127 297 3188 Romana
316 3128 346 3187 ia
369 3126 523 3206 Gpolitana
538 3128 660 3187 habebat
680 3147 762 3186 suum
779 3129 987 3208 apocrisiarium
1001 3149 1052 3189 sen
1065 3129 1264 3210 responsalem,

169 3215 260 3291 quiin
281 3213 345 3272 aula
364 3213 539 3290 imperatoris
557 3215 681 3272 residens
702 3231 747 3272 rea
768 3213 899 3274 ecclesiae
922 3215 1053 3289 curabat3
1076 3233 1133 3290 quo
1148 3233 1264 3275 munere

167 3299 233 3372 olim
252 3299 283 3358 in
306 3299 370 3358 atala
388 3297 535 3357 Iustiniani
554 3299 666 3358 functus
683 3304 729 3357 est
750 3305 816 3358 ante
837 3300 1030 3378 pontificatum
1054 3299 1084 3358 S.
1110 3300 1263 3378 Gregorius

167 3403 294 3462 magnus.
309 3391 339 3444 et
352 3386 382 3443 ia
404 3382 468 3444 aula
487 3403 585 3461 regum
604 3383 738 3444 Fraueiae
750 3391 905 3464 perpetuus
927 3391 988 3444 erat
1005 3379 1213 3466 apocrisiarius,
1233 3384 1264 3442 id

168 3475 214 3527 est
230 3470 399 3549 responsalis
419 3471 595 3548 negotiorum
617 3469 871 3530 ecclesiasticorum.
909 3471 1077 3532 Hincmarus
1097 3471 1180 3550 epist.
1199 3470 1263 3530 aa

172 3555 213 3618 13
242 3561 271 3613 et
305 3555 361 3618 14:
403 3555 509 3634 γααοιλο
545 3554 731 3614 Constantinus
768 3575 884 3632 magnus
921 3558 1063 3636 inperator
1098 3556 1265 3616 cumanam

170 3639 280 3716 effectus
297 3646 403 3718 propter
424 3659 537 3700 amorem
556 3647 582 3699 et
600 3641 721 3700 lanorem
744 3639 801 3700 SS.
822 3640 996 3718 apostoloram
1022 3638 1099 3701 Petri
1124 3646 1149 3700 et
1172 3637 1267 3712 Pauli,

171 3745 280 3804 quoram
294 3725 416 3784 doctrina
429 3745 462 3784 ac
476 3727 620 3786 ministerio
633 3727 671 3786 ad
685 3727 786 3786 carisa
795 3729 913 3802 gratiam
928 3727 1095 3806 baptismatis
1108 3726 1269 3784 asanaa
1383 3752 1386 3769 ι

167 3813 304 3888 parauit,
326 3809 409 3869 locam
431 3815 456 3867 ct
477 3811 561 3869 sedem
576 3831 668 3886 marn,
688 3813 775 3869 orbern
794 3811 895 3870 scilicet
912 3811 1075 3882 Romanam,
1092 3829 1180 3889 popae
1203 3808 1268 3868 Sil-

171 3901 258 3953 aestro
278 3893 362 3953 edicto
377 3893 517 3972 privilegii
540 3895 669 3975 tradidit,
691 3901 716 3954 et
737 3895 822 3954 adam
846 3915 920 3955 suam
940 3899 971 3955 in
987 3899 1176 3968 doitotcsao,
1198 3913 1269 3972 qaae
1386 3949 1387 3953 ,

172 3986 253 4040 antea
273 3979 437 4058 Byzantium
451 3982 614 4056 uocabatur,
635 3983 746 4040 nominis
767 3983 811 4040 sai
826 3983 957 4040 civitatem
971 3979 1124 4058 ampliando
1134 3979 1270 4058 aedefica-

128 4074 132 4080 '
172 4069 229 4139 ait,
251 4071 276 4123 et
297 4069 337 4125 sic
357 4065 517 4142 responsales
531 4072 587 4125 tam
600 4065 739 4126 Romanae
753 4067 821 4126 sedis
842 4071 958 4144 pacaret
975 4065 1093 4124 alioruin
1105 4069 1270 4145 praeapta-

172 4169 231 4208 rum
245 4151 386 4210 radiantia
404 4151 508 4228 potatio
521 4171 571 4228 pro
587 4153 770 4211 scalenostiais
783 4154 896 4228 negotiis
917 4150 1097 4225 mandabant,
1118 4149 1270 4230 aliqnando

170 4251 217 4309 par
235 4241 381 4314 episcopos,
400 4235 544 4314 alinardo
566 4255 625 4296 arro
638 4255 685 4316 per
707 4237 831 4296 ἀίοοοαον
850 4235 993 4314 apostolico
1014 4235 1086 4294 sodes
1104 4235 1152 4294 loc
1174 4234 1271 4314 officio

174 4316 352 4392 {argebatum
375 4339 424 4398 quo
445 4320 528 4399 officio
545 4321 581 4381 B.
604 4323 747 4399 Gregorius
768 4326 796 4383 in
824 4323 932 4382 dinami
950 4318 1040 4380 ordina
1065 4319 1182 4402 sannas
1194 4317 1269 4400 suit.
