2822 4684
508 299 554 369 nr
574 299 722 370 conrru
743 275 831 368 cna
853 297 896 369 n
1168 301 1244 372 eor
1333 268 1336 276 ’

147 487 176 547 p.
202 469 261 532 123
279 469 311 526 et
331 463 402 532 234.
443 458 587 545 Xylan'der
618 469 648 528 in
674 467 750 528 uotis
768 467 808 527 ad
828 462 988 528 Cedmnum
1015 469 1177 532 nnm.196
1203 468 1246 527 in-

145 572 239 630 genue
270 553 374 612 fatetur
404 569 437 612 se
469 555 576 612 nescire
602 555 671 630 quid
697 553 737 612 sit
763 554 877 614 caniclei
899 555 1027 632 &miton
1069 552 1249 631 Nicephorus

147 638 290 718 Gregoras
316 637 364 698 lib.
394 641 433 702 7:
461 645 520 698 erut
548 645 603 698 tum
629 644 788 718 perorator
807 643 971 714 negotiorum
991 639 1098 716 imperit
1116 643 1159 698 uir
1176 659 1246 718 pru-

146 724 254 785 denset
283 725 314 783 ob
340 721 500 784 industriam
528 731 553 783 et
578 725 738 802 reipublicae
767 724 899 800 gerendae
926 727 1064 783 scientiam
1094 727 1248 803 imperatori

146 829 241 883 corus,
276 808 346 868 unde
373 813 400 866 et
422 813 582 868 auctoritate
607 813 632 868 et
657 810 751 886 opibus
776 807 909 888 pollebat,
942 805 1107 886 Nicephorus
1137 810 1248 868 coniclri

141 893 305 974 praefectus.
346 898 371 952 is
391 893 496 952 blandis
515 893 673 952 sermonibus
693 900 719 952 et
739 895 867 972 obsequiis
890 892 1172 970 lenitateimperatoris
1185 914 1247 954 oon·

146 980 242 1040 ciliata
258 981 330 1057 petit
350 984 376 1038 et
396 982 494 1058 acupit
514 996 638 1056 generum
652 978 745 1056 filium
765 981 822 1038 eius
841 975 979 1058 Ioannem,
1004 979 1162 1054 indignante
1183 983 1245 1056 qui-

145 1063 202 1123 dem
222 1069 249 1122 et
270 1063 424 1143 refragante
444 1067 625 1141 imperatrice,
655 1063 701 1122 sed
728 1068 817 1124 tomen
836 1067 944 1142 accipit.
986 1063 1022 1121 de
1042 1063 1141 1124 eodem
1160 1063 1245 1124 Nice·

144 1149 237 1229 phoro
265 1147 377 1208 caniclei
402 1149 546 1226 praefecto
572 1149 787 1209 Cantacuzenus
820 1151 834 1208 1
861 1147 918 1212 142
949 1149 981 1207 de
1008 1155 1102 1208 sautu
1120 1149 1263 1230 palatino'

139 1240 293 1314 praesentes
310 1233 421 1294 aderant
441 1253 557 1310 magnus
576 1234 710 1311 logotheta
732 1231 905 1307 Meroetica,
930 1237 1006 1292 cuim
1026 1240 1107 1293 antea
1127 1239 1246 1294 memini-

143 1337 217 1394 mus,
247 1326 273 1378 et
295 1318 459 1397 Nicephorius
480 1323 528 1399 qui
548 1319 663 1378 conicleo
679 1326 804 1398 praeerat
824 1326 850 1377 et
868 1319 930 1378 uehi
948 1320 1060 1394 solebat,
1090 1321 1247 1380 admirabili

144 1409 276 1484 sapientia
296 1406 452 1484 consilioque
476 1404 632 1484 praeditus,
662 1409 687 1464 et
708 1404 742 1464 ab
762 1408 919 1482 imperatore
938 1405 1115 1464 benevolentior
1135 1405 1243 1464 bonmo-

143 1511 193 1568 que
211 1491 348 1566 singulari
362 1489 509 1566 dignatus,
531 1494 584 1549 ita·
595 1495 627 1548 ut
649 1493 728 1548 etiam
742 1487 843 1548 Irenem
856 1491 949 1568 filiam
971 1493 1027 1550 eius
1040 1487 1136 1548 loanni
1149 1491 1241 1569 despo-

141 1583 187 1634 tae
206 1575 270 1656 filio
289 1595 337 1634 suo
358 1577 458 1653 nuptiis
487 1579 664 1652 coniungeret.
708 1574 751 1632 bic
779 1572 944 1653 Nicephorus
968 1579 1046 1652 prius
1073 1578 1241 1652 imperatoris

142 1661 283 1720 domesticu
311 1660 535 1718 administrabat:
566 1666 624 1718 turn
655 1664 744 1718 autem
768 1659 895 1738 podagra
915 1663 1084 1737 conflictatus
1100 1659 1243 1736 functione
1333 1729 1336 1736 ,

140 1747 192 1806 illo
212 1747 325 1805 abierut.
368 1745 536 1804 nibilominus
562 1763 659 1803 minino
679 1761 738 1803 eum
757 1742 851 1802 bonore
871 1745 1012 1822 imperator
1027 1745 1241 1822 prosequebatur.
1273 1803 1276 1808 .

224 1862 269 1920 Ex
288 1861 342 1919 hoc
361 1866 393 1919 et
408 1860 550 1938 praedicto
571 1860 715 1940 Gregorae
733 1854 796 1920 loco
816 1860 948 1940 intelligis
969 1878 1055 1936 quare
1082 1863 1240 1940 praefectus

142 1946 255 2008 caniclci
278 1965 395 2006 consocer
414 1946 589 2023 imperatoris
610 1947 812 2025 appellaretur3
835 1948 902 2023 quia
924 1951 1004 2004 tanta
1024 1953 1085 2004 erat
1105 1946 1174 2006 haec
1195 1949 1239 2006 ‹li-

141 2035 254 2112 gnitas‚
289 2037 323 2091 ut
343 2031 500 2110 praefectus
521 2030 634 2090 caniciei
649 2037 748 2110 posset
763 2031 820 2090 lilio
841 2051 892 2092 sno
913 2033 1064 2109 impetrare
1083 2031 1167 2090 filiam
1186 2033 1239 2092 im-
1263 2087 1269 2099 ,

141 2117 280 2200 peratoris
301 2123 331 2175 et
351 2116 422 2175 filiae
442 2116 535 2174 filium.
577 2117 643 2176 hinc
671 2117 896 2196 συμπὲνθεροςτ
922 2135 988 2174 nam
1016 2117 1175 2195 praefectus
1192 2138 1239 2177 ca·

140 2204 223 2263 niclei
243 2223 261 2262 a
281 2201 336 2261 filia
353 2202 544 2279 imperatorie,
565 2203 590 2262 si
611 2201 776 2280 nupta‘filio
798 2208 889 2280 esset,
910 2202 1063 2262 vocabatur
1083 2221 1177 2280 soceri,
1209 2209 1240 2262 et

140 2291 293 2368 imperator
313 2307 331 2346 a
350 2287 407 2347 filia
426 2288 560 2366 praefecti
578 2288 691 2347 caniclei
720 2307 808 2348 socer.
849 2289 925 2347 idem
945 2289 1050 2351 factum
1071 2289 1184 2364 quando
1206 2289 1240 2348 fi-

141 2373 196 2434 lius
214 2374 392 2453 imperatoris
413 2373 443 2430 in
462 2374 637 2448 matrimonio
658 2374 781 2433 habebat
799 2373 883 2432 filiam
903 2375 1037 2453 praefecti
1057 2373 1187 2434 canicleo.

224 2491 305 2553 Idem
326 2492 540 2551 Cantaenzenus
560 2491 655 2556 440:
687 2491 865 2570 Palaeologus
881 2495 1028 2573 praesidem
1049 2495 1163 2552 canicloi
1181 2493 1241 2552 etn-

139 2579 228 2656 gelum
247 2579 364 2654 legatum
384 2581 476 2638 nitria
518 2577 633 2638 hicetas
651 2578 805 2638 Choniates
827 2579 874 2638 lib.
892 2580 910 2640 1
930 2575 1059 2637 derebus
1075 2579 1162 2656 gestis
1176 2578 1240 2638 Ma-

138 2663 230 2722 nnelis
250 2663 403 2740 Comneni,
425 2664 461 2722 de
476 2665 629 2742 Styppiota
642 2683 742 2742 agens:
764 2663 870 2723 tandem
890 2663 927 2721 od
943 2664 1056 2724 caniclei
1068 2665 1240 2740 magnifieum

62 2767 72 2784 ⁴
139 2768 235 2808 munus
254 2754 281 2806 et
301 2751 421 2808 intimam
446 2753 527 2808 etiam
550 2753 713 2826 imperatoris
733 2749 952 2828 familiaritatem
979 2747 1125 2828 primatum
1149 2752 1239 2823 magis

139 2837 219 2892 etiam
240 2833 348 2898 extulit.
369 2833 441 2892 hanc
464 2840 558 2892 tamen
574 2840 682 2894 tantam
698 2836 863 2912 dignitatem
881 2853 933 2894 sua
950 2835 1110 2910 granditate
1126 2833 1239 2891 inferio-

138 2937 199 2978 rem
212 2919 292 2976 duruit
307 2919 511 2978 Constantinus
524 2919 758 2998 Mesopotamita‚
779 2927 812 2978 ut
826 2919 897 2978 libro
911 2922 933 2982 2
951 2921 987 2978 dc
1000 2917 1099 2977 Alexio
1117 2919 1239 2976 Conme-

137 3023 178 3062 no
188 3004 284 3062 scribit
295 3003 369 3061 idem
382 3003 511 3064 Nicetes:
533 3005 646 3064 eoniclei
661 3006 797 3084 officium,
815 3005 926 3081 inquit,
952 3005 1020 3084 quod
1039 3004 1134 3063 lsoaeo
1154 3008 1238 3080 impe-

138 3096 217 3148 rante
234 3090 399 3160 obtinuerat,
418 3093 443 3148 ei
461 3110 554 3148 rursus
569 3090 741 3166 offerebatur,
763 3098 795 3149 ut
812 3112 860 3150 suo
877 3090 996 3167 fastigio
1013 3089 1128 3168 inferius
1138 3092 1237 3148 renuit.

138 3174 280 3250 Georgius
300 3173 446 3250 logotheta
467 3173 630 3253 Acropolita
654 3175 684 3233 in
707 3176 838 3235 chronico
862 3176 1031 3253 Cpolitano,
1058 3193 1116 3232 non
1140 3173 1238 3250 procul

137 3281 159 3319 a
176 3259 245 3319 fine:
266 3261 338 3316 misit
354 3263 492 3336 imperatos
507 3261 544 3318 ad
556 3281 644 3337 regem
661 3261 776 3340 Siciliae
790 3265 928 3340 apostatae
945 3277 1070 3336 generum
1086 3277 1132 3336 per
1151 3256 1238 3316 Nice-

134 3345 248 3425 phorum
267 3343 427 3414 canieleum,··
453 3344 502 3403 ubi
520 3345 581 3422 ipse
598 3343 720 3404 canicleo
740 3345 899 3424 praefectus
917 3343 1052 3405 eonicleus
1068 3341 1238 3422 appellatur,

115 3456 120 3465 ·
136 3435 212 3488 utet
225 3429 254 3486 in
265 3428 454 3506 disputatione
473 3430 619 3507 Gregentii
632 3433 818 3493 uuornlelorr.

222 3546 343 3606 Duravit
355 3545 426 3604 haec
438 3548 560 3624 dignitas
577 3549 614 3608 ad
631 3549 738 3626 imperii
752 3547 896 3626 Cpolitani
913 3549 1039 3606 extrema
1054 3563 1145 3621 usque
1165 3550 1238 3604 tem-

136 3651 217 3713 pora
259 3631 443 3709 Palaeologus
457 3636 532 3712 apud
550 3633 740 3696 Phranzemit
756 3631 812 3698 17:
832 3634 901 3695 duos·
919 3651 971 3708 ego
991 3649 1096 3690 moran
1109 3631 1239 3692 Heluam

131 3720 224 3798 fllium
234 3719 326 3777 Ateste·
339 3718 496 3794 Palaeologi
506 3719 791 3798 Exemplumque·
805 3718 1062 3796 cunicleopraeerat.
1090 3715 1120 3774 in
1141 3717 1238 3794 dispu-
1349 3729 1350 3734 ’

137 3804 246 3863 tadone
257 3803 403 3881 Gregentii
412 3804 580 3881 imperator:
599 3805 691 3865 Erbue
703 3823 754 3863 seu
768 3803 904 3863 Herbano
913 3805 1039 3882 patrinus
1048 3821 1096 3861 seu
1105 3809 1238 3881 susceptor
1339 3842 1343 3847 .

137 3892 167 3948 in
177 3892 305 3968 baptismo
317 3889 415 3968 focius
428 3889 527 3948 Leonis
539 3910 631 3951 nornen
641 3893 782 3970 imposuit,
804 3896 830 3949 et
843 3889 1061 3969 bppecclesionem
1075 3884 1239 3966 (basanim-

87 4011 89 4020 ν
138 3975 236 4052 aava)
258 3992 316 4033 eam
327 3973 412 4052 fecit,
446 3993 520 4052 quern
539 3976 656 4034 Romani
679 3979 825 4052 patricium
850 3983 876 4035 et
897 3974 1066 4033 conielionem
1091 3971 1238 4050 appellant.

137 4065 231 4118 exstat
243 4060 312 4118 haec
325 4060 479 4138 disputatio
494 4066 514 4121 t.
536 4058 703 4122 ltBiblioth.
726 4060 859 4138 Parrum,
880 4060 957 4118 cuius
979 4057 1122 4118 occasione
1139 4055 1236 4114 Meur-

136 4146 196 4204 sius
217 4147 293 4204 varia
314 4144 527 4224 philosophatur
548 4146 579 4204 in
598 4167 650 4205 suo
669 4144 772 4206 Lexico
790 4167 816 4205 v.
840 4145 1010 4224 Πατρίκιος.
1040 4141 1158 4198 observa
1177 4159 1237 4200 non

136 4249 252 4288 omnem
264 4231 410 4310 patricium
428 4233 515 4292 fuisse
532 4231 727 4309 caniclionem,
753 4232 825 4290 sicut
852 4229 921 4288 haec
937 4225 1091 4305 disputatio
1107 4224 1237 4300 Gregen-

134 4315 168 4376 tii
182 4315 320 4396 affirmare
332 4318 460 4400 videtur,
482 4317 548 4398 quia
557 4337 630 4380 unus
644 4317 765 4379 arieles
783 4316 1029 4396 praefecturam,
1049 4307 1130 4372 multi
1139 4314 1234 4374 autem
