2802 4686
180 305 229 379 ει
463 282 642 377 ¹comm
664 304 958 375 emorimur

179 479 233 546 ἓάν
247 479 306 563 μὲν
318 469 372 544 οδν
384 481 434 544 καὶ
451 477 574 565 ὃμίχας
588 477 764 562 δομίστικος
779 478 888 564 στίρξη
902 483 992 543 τοῦτο
997 525 1009 557 ,
1034 474 1095 561 ἤδη
1110 473 1222 544 καλόν·
1249 481 1278 544 εί

139 599 163 654 Β
180 585 214 650 δὲ
230 581 273 668 μή
281 630 291 662 ,
319 580 397 647 ἔνθα
410 581 448 648 ἀν
464 575 552 659 οὗτος
566 583 729 669 διακρίνοι,
755 579 997 667 στρατοπεδεύει.
1048 573 1100 644 καὶ
1114 577 1161 646 ὅτι
1175 581 1277 660 οὐδεὶς

142 745 147 752 .
179 686 238 773 πρδ
253 692 308 752 τοῦ
323 683 375 750 τόν
389 685 484 769 μίχαν
500 685 676 767 δομίστικον
691 682 735 749 tvl
756 681 873 774 ἑκάστῳ
896 680 1067 774 φλαμοάλιρ
1087 682 1140 750 τὸν
1154 682 1275 773 προσὴ-
1309 759 1312 765 Δ

177 814 269 856 κοντα
284 790 390 853 δοῦναι
403 785 497 853 τόπον
509 785 631 868 πεζεόιι.

280 923 352 1012 Πρὸ
367 929 423 988 τοῦ
436 924 574 1002 πεζεῦσαι
594 921 630 988 τδ
653 916 808 1008 φοσοότον
830 916 1034 1007 ἀπερχόμενος
1054 917 1071 985 ὁ
1092 925 1147 1004 τῆς
1165 920 1299 1012 βίγληςό
1368 977 1373 1000 ‚

176 1025 272 1112 μίχας
287 1023 485 1112 δροοχχάριος
499 1026 663 1109 καθίστησι
676 1023 711 1090 τδ
728 1021 886 1108 λεγόμενον
898 1021 1119 1110 ἡμεροβίχλιον,
1136 1019 1271 1109 ὥςπαρά

152 1139 157 1151 “
176 1136 233 1196 τοῦ
245 1127 378 1216 μεγάλου
394 1129 571 1212 δομεστίκοο
587 1123 794 1216 προσετάχθη.
845 1128 896 1192 καὶ
917 1127 947 1190 οἳ
963 1126 1019 1209 μὲν
1040 1123 1157 1213 ἡμέρας
1170 1128 1271 1211 βιχλί-

177 1259 280 1310 σοντες
296 1232 476 1318 ἀπέρχονται
492 1235 535 1310 εἰς
547 1231 602 1316 τὴν
617 1234 723 1316 βίχλαν
739 1230 846 1296 αὐτίκα
869 1229 1073 1315 (ἀπέρχεσθαι
1089 1231 1123 1294 δὲ
1139 1225 1272 1313 σόνηθίς

177 1338 241 1403 ἔστι
263 1332 418 1424 φοσσάτον
433 1335 566 1422 ἐλαφρὸν
580 1335 632 1400 διά
647 1333 681 1399 τό
700 1329 774 1410 τόξα
789 1334 891 1420 φέρειν
908 1332 1035 1409 αάτοός·
1061 1333 1097 1397 οἳ
1108 1333 1159 1396 καλ
1174 1332 1271 1398 οὖδα-

129 1451 159 1522 λ(δ
175 1445 243 1523 μῶς
258 1439 337 1504 κατὰ
351 1439 406 1520 τὴν
422 1437 515 1504 νύκτα
528 1424 716 1523 βιχλίζοοσι)
723 1483 734 1516 ,
759 1435 837 1522 πρὸς
852 1437 887 1501 δέ
902 1435 974 1513 τοδς
988 1435 1080 1502 αὐτὸν
1095 1434 1148 1501 τὸν
1162 1436 1269 1523 καιρὸν
1279 1445 1313 1498 to

133 1601 138 1608 .
175 1550 230 1627 τῆς
243 1543 351 1618 νυκτὸς
361 1544 552 1626 βιχλίσοντας
567 1537 771 1628 ἀπερχόμενος
784 1531 872 1617 οὗτος
884 1539 922 1624 δὴ
936 1536 1059 1624 όμίχας
1071 1535 1272 1626 δρονηχάριος

175 1645 235 1731 πρό
254 1633 311 1729 τῆς
331 1651 387 1710 τοῦ
407 1648 537 1711 δειλινοό
557 1643 640 1730 ὥρας
662 1643 738 1728 λέγει
758 1639 855 1719 οὕτως
871 1639 1268 1730 “άρχοντες,ἕτοςμάσθητε,

175 1745 369 1832 δειπνήσατε,
394 1751 444 1814 καὶ
461 1744 528 1812 δότε
544 1747 661 1834 τροφὴν
674 1755 737 1822 τοῖς
750 1743 887 1822 innota?
935 1748 987 1810 καὶ
1004 1744 1076 1812 ὅταν
1090 1741 1107 1810 ὃ
1123 1745 1269 1830 τεταγμέ-

174 1869 226 1928 νος
247 1853 298 1916 καὶ
319 1851 440 1938 πρίπιον
460 1857 515 1935 τῆς
533 1853 640 1936 βίχλης
660 1847 739 1935 ἔλθη
757 1845 878 1935 καιρός,
904 1846 1043 1931 ἐκβάλλει
1064 1845 1190 1925 τοότοος
1211 1855 1267 1914 τοῦ

173 1954 390 2042 στρατοπέδου.
441 1951 542 2018 ἔπειτα
554 1956 581 2018 εί
591 1949 676 2036 μένὸ
693 1953 787 2038 μέρος
802 1951 979 2035 δομίστικος
995 1951 1128 2038 ἐθελήσῃ
1136 1999 1146 2030 ,
1173 1951 1266 2038 άπίρ-
1274 1957 1307 2014 15

78 2059 80 2068 ’
167 2083 256 2142 χεται
277 2059 329 2121 καὶ
347 2060 449 2140 ’ίστησι
471 2053 596 2133 τοότοος
619 2055 662 2122 δι’
689 2053 802 2121 ἑαυτοῦ
806 2103 818 2134 ,
842 2054 919 2122 ὅπου
943 2053 981 2120 ἀν
1002 2057 1167 2143 διακρίνοι·
1192 2058 1219 2120 εἲ
1231 2053 1266 2119 δὲ

125 2159 131 2174 ‘
171 2159 234 2243 μή,
261 2159 424 2243 ἀνατίθησι
446 2166 491 2247 τῷ
505 2156 627 2246 μεγάλῳ
648 2159 837 2247 δρσοχχαρίην
861 2158 895 2223 τὸ
917 2160 984 2246 περὶ
1007 2157 1137 2238 τοότοο,
1165 2154 1199 2234 ἀς
1213 2160 1266 2223 καὶ

170 2261 316 2350 ὑπηρετεῖ
328 2268 418 2328 τοῦτο
438 2263 507 2328 ἀντ’
529 2261 634 2328 αὐτοῦ.
683 2261 795 2349 ἀφειλει
815 2262 849 2326 δὲ
869 2253 957 2338 οὗτος
977 2261 1166 2349 ἀπέρχεσθαι
1186 2259 1265 2348 πρός

169 2365 225 2448 τὴν
247 2363 403 2452 είρημίνην
416 2371 471 2448 τῆς
486 2366 593 2441 νυκτὸς
606 2367 715 2448 βίχλοιν
730 2367 781 2430 καί
795 2365 943 2452 ἐπιτηρεῖν
957 2367 1007 2430 καὶ
1022 2365 1188 2454 ἀνακρίνειν
1205 2363 1263 2429 αό-

121 2451 153 2535 ’Β
170 2463 235 2551 ιη’ν.
285 2469 335 2532 καὶ
351 2469 377 2531 εἰ
390 2470 446 2549 μὲν
463 2465 551 2552 ίχχός
569 2469 631 2533 ἔστι
647 2469 807 2550 πολεμίων,
832 2467 889 2551 οάχ
909 2465 991 2545 άπαξ
1003 2467 1098 2553 μόνον
1108 2467 1193 2535 ,ἀλλὰ
1209 2468 1302 2534 netto

170 2573 231 2649 δίς·
258 2572 284 2634 εἳ
297 2571 330 2634 δ’
346 2570 477 2650 ’ἀνέσεως
493 2571 537 2654 είη
553 2568 673 2660 καιρός,
698 2569 780 2650 ἅπαξ
795 2576 883 2637 τοῦτο
898 2579 986 2638 ποιεῖ’.

237 2783 270 2837 11
287 2775 319 2834 δὲ
336 2780 415 2853 vulgo
516 2782 551 2836 ΞΟ
569 2775 675 2845 adrosis
691 2781 738 2836 ulti

166 2968 288 3024 tentoriis
305 2967 417 3036 figendis
435 2966 591 3022 iudicaverit
606 2966 700 3022 locum.
718 2967 741 3022 si
757 2967 838 3037 igitur
854 2985 963 3038 magnus
979 2984 1084 3038 quoque
1102 2966 1258 3020 domesticus

166 3039 251 3092 locum
267 3039 409 3107 approbet,
433 3039 501 3090 bene
519 3037 612 3091 habete
637 3038 679 3090 sin
696 3038 795 3107 minus,
820 3048 905 3091 castra
920 3039 1039 3092 locantur
1055 3037 1102 3091 ubi
1118 3035 1177 3106 ipse
1195 3055 1257 3090 cen-

165 3109 264 3172 suerit3
295 3115 322 3160 et
338 3106 421 3159 nullus
439 3107 490 3158 iter
506 3105 556 3159 init
572 3115 709 3176 antequam
726 3123 834 3177 magnus
850 3109 1007 3161 domesticus
1024 3106 1164 3176 unicuique
1181 3107 1257 3160 liam·

164 3176 234 3231 mulo
249 3175 446 3229 convenientem
463 3176 546 3228 locum
564 3175 690 3243 assignet.

232 3275 388 3346 Priusquam
412 3277 543 3331 exercitus
562 3278 590 3330 in
614 3279 682 3331 viam
707 3295 737 3332 se
763 3277 824 3346 dat,
849 3295 957 3348 magnus
974 3278 1131 3346 drungarius
1150 3277 1259 3347 vigiliae

164 3347 301 3401 constituit
318 3348 425 3403 diurnas
441 3347 560 3416 vigilias,
586 3354 663 3418 prout
686 3363 702 3400 a
724 3364 818 3416 magno
834 3349 977 3402 domestico
994 3349 1139 3401 ordinatum
1158 3359 1214 3414 est3
1230 3355 1258 3402 et

164 3417 211 3484 qui
227 3416 342 3470 interdiu
359 3417 477 3486 vigilant,
503 3417 592 3470 statim
610 3435 639 3469 se
656 3419 689 3469 ad
706 3417 822 3486 vigiliam
840 3419 986 3471 conferunt.
1021 3419 1101 3484 moris
1116 3426 1201 3470 autem
1217 3425 1257 3470 est

163 3493 194 3538 ut
210 3486 341 3540 exercitus
358 3486 433 3554 levis,
452 3488 501 3539 hcc
517 3494 558 3538 est
575 3486 668 3540 milites
685 3485 752 3539 levis
770 3495 924 3553 armaturae,
942 3487 989 3540 has
1007 3486 1131 3540 excubias
1150 3489 1256 3556 obeant,

163 3571 195 3607 ec
213 3555 284 3622 quod
300 3572 376 3608 arcus
393 3558 495 3620 ierunt;
513 3555 558 3624 qui
576 3555 653 3609 etiam
669 3573 684 3606 a
702 3557 835 3609 nocturnis
850 3555 967 3609 excubiis
979 3573 1083 3626 semper
1095 3563 1157 3608 sunt
1169 3555 1257 3609 liberi.

163 3623 197 3675 ad
213 3624 272 3688 ilios
287 3641 351 3678 vero
369 3626 415 3694 qui
432 3634 571 3678 nocturnas
589 3625 695 3694 vigilias
712 3625 796 3678 acturi
820 3632 881 3678 suut
920 3626 1011 3679 abiens
1037 3633 1098 3678 arrte
1123 3625 1257 3694 vesperti-

161 3709 223 3745 num
240 3699 341 3762 tempus
358 3711 465 3764 magnus
483 3694 638 3762 drungarius
656 3695 696 3746 sic
713 3712 757 3746 eos
779 3693 874 3747 affatur
898 3690 1039 3765 ‘proceres
1057 3695 1145 3764 parati
1162 3701 1255 3762 estote,

161 3769 281 3829 coenate,
309 3771 335 3815 et
352 3766 413 3816 date
430 3763 550 3832 pabulum
569 3757 676 3832 equis;”
696 3779 805 3831 cumque
823 3764 987 3834 praefinitum
1006 3762 1172 3817 excubiarum
1187 3771 1256 3817 tem-

181 3846 212 3884 us
229 3831 345 3898 advenit,
363 3834 458 3886 emittit
475 3832 535 3884 illos
553 3851 585 3888 ex
603 3832 707 3888 castris.
743 3833 847 3899 deinde,
863 3834 888 3890 si
903 3849 1014 3902 magnus
1028 3834 1185 3886 domesticus
1204 3847 1255 3884 vo·

160 3847 214 3968 let,
233 3899 303 3968 ubit,
320 3911 348 3953 et
364 3902 450 3954 cuivis
465 3901 562 3969 iocum,
581 3902 626 3954 ubi
644 3901 786 3954 consultum
804 3902 975 3972 iudicaverit,
999 3903 1111 3972 ipsemet
1128 3902 1253 3970 assignat.

158 3967 203 4021 sin
219 3969 312 4036 minus,
329 3969 396 4037 hanc
413 3988 499 4024 curam
517 3971 653 4024 committit
671 3987 764 4040 magno
783 3972 933 4041 drungario‚
954 3971 1041 4042 quiin
1059 3971 1109 4025 hac
1125 3988 1156 4024 re
1192 3971 1256 4024 erli-

159 4037 254 4092 cienda
274 4038 331 4093 eius
356 4040 474 4093 minister
500 4049 542 4092 est
565 4048 592 4092 et
615 4039 740 4094 vicarius.
775 4041 853 4096 debet
876 4049 962 4095 autem
986 4042 1037 4095 iste
1055 4041 1088 4094 ad
1104 3986 1255 4109 praedictas

158 4117 300 4162 nocturnas
314 4110 439 4164 excubias
454 4127 514 4164 sese
527 4110 656 4177 conferre,
675 4127 772 4180 easque
788 4113 930 4164 observare
945 4117 973 4163 et
989 4127 1050 4164 num
1066 4114 1139 4163 recte
1158 4127 1188 4162 se
1205 4110 1254 4160 ha·
1281 4145 1287 4154 .

158 4175 240 4230 beant
254 4177 382 4235 iudicare.
418 4188 446 4232 et
461 4178 590 4248 siquidem
607 4196 690 4250 prope
707 4180 743 4232 sit
761 4180 858 4248 hostis,
881 4198 934 4232 non
950 4186 1050 4233 tantum
1066 4177 1146 4232 semel
1162 4179 1209 4232 sed
1226 4183 1255 4232 et

158 4241 267 4366 bisllgc
284 4248 373 4304 iacere
389 4255 504 4320 oportet.
538 4247 563 4301 si
580 4265 643 4303 vero
663 4248 699 4303 sit
715 4257 816 4321 tempus
834 4248 930 4320 quietis
949 4257 977 4302 et
997 4247 1184 4318 relaxationis,
1210 4265 1254 4302 se-

158 4327 199 4364 me
254 4315 299 4368 cit.
460 4321 465 4328 '
