2802 4686
411 301 472 368 DE
495 301 675 377 osricus
700 302 760 374 GP.
778 291 864 372 CAP.
884 299 995 372 xvlt
1201 302 1250 374 93
1273 381 1275 388 ,

153 475 221 562 γίας
245 470 401 558 γινομένης
426 468 577 557 κάθηνται
599 472 629 540 oi
648 479 800 558 βασιλείς,
834 481 890 543 τού
911 475 1068 566 τριααγίον
1094 474 1129 542 δέ
1152 473 1250 561 ύμνον

82 617 85 624 »
154 575 305 668 ᾀδομένου
327 574 347 660 ἢ
367 582 429 644 τῶν
450 577 658 644 άποστολικῶν
680 585 808 668 γραφῶν
829 578 851 664 ἢ
871 587 933 646 τῶν
953 583 1048 646 θείων
1074 579 1251 666 εὐαγγελίων

79 761 83 770 Ι
153 680 437 765 ἀναγινωσκομένων
459 679 637 746 ἀνίστανται
658 685 709 746 καὶ
734 683 830 748 αὐτοί.
881 685 915 760 ἐξ
935 679 1084 770 ἑκατέρων
1100 685 1133 748 δέ
1147 691 1249 770 μερῶν

151 789 206 850 τοῦ
221 788 299 848 ναοῦ
311 783 438 860 ξυλίνων
451 781 550 848 orionis
564 782 753 872 άναβαθρῶν
767 785 818 850 δι’
837 783 912 851 oriri
927 794 1016 851 τοῦτο
1032 786 1246 869 πεποιημένων,

125 882 305 970 οἱστάμενοι
317 882 419 952 ἐπάνω
434 889 507 951 οἵτε
525 884 745 972 πρωτοψάλτοιι
759 889 811 953 καλ
829 887 859 952 οἱ
872 889 1043 972 δομέστικοι
1057 891 1107 954 καὶ
1116 889 1151 978 ,οἱ
1167 888 1243 956 ἀνα·
1261 905 1284 960 c

149 997 281 1075 γνῶσται
288 1037 299 1068 ,
325 986 379 1068 ούς
393 989 426 1068 ἐξ
437 987 532 1068 ἐθους
546 995 679 1054 παλαιοῦ
689 989 824 1078 κράατος
837 993 870 1058 ἐν
878 991 951 1068 Ιταῖς
964 988 1119 1069 τοιαύταις
1131 990 1246 1076 ὀνομά-

150 1096 236 1173 ζουσι
255 1090 438 1179 πανηγύρεσι
458 1094 511 1157 καῖ
530 1097 678 1172 τελεταῖς,
710 1091 883 1177 ψάλλουσιν
903 1091 1029 1186 ᾄσματά
1050 1121 1117 1162 τινα
1138 1119 1244 1162 σοντε-
1278 1103 1283 1114 “

149 1201 261 1262 λοῦντα
277 1199 328 1260 καί
340 1193 516 1283 ἡρμοσμένα
531 1197 574 1272 εἰς
585 1195 624 1262 τά
639 1204 780 1264 τοιαῦτα..
826 1197 985 1280 κατέχουσι
1002 1198 1036 1263 δέ
1049 1199 1082 1276 ἐξ
1095 1196 1243 1285 ἑκατέρων

148 1305 250 1386 μερῶν
263 1298 322 1364 circi
336 1302 405 1386 τρία
419 1297 563 1385 κοντάρια
570 1346 581 1377 ,
610 1297 717 1382 έχοντα
735 1300 862 1366 ἕκαστον
880 1297 994 1388 γύρους
1007 1301 1040 1366 ἐκ
1055 1298 1163 1394 ξύλων,
1192 1303 1242 1368 ἐκ·-

104 1403 338 1488 Ῑδκρεμαμένας
353 1400 460 1487 ἔχοντα
478 1399 628 1468 κυκλόθεν
641 1402 775 1488 μετάξας
791 1405 930 1482 κοκκίνας
944 1406 995 1470 καὶ
1014 1403 1139 1485 λευκάς,
1167 1403 1241 1472 ὅσον

148 1505 373 1589 δισπιθάμοος·
401 1506 494 1570 bani
514 1505 592 1589 μετά
613 1506 648 1572 τό
670 1513 851 1592 τελεσθῆναι
870 1505 926 1592 τὴν
944 1510 1131 1596 λειτουργίαν
1144 1533 1243 1597 προη-

146 1615 269 1694 γοῦνται
281 1616 336 1674 τού
346 1609 513 1691 βασιλέως,
539 1616 599 1674 τῶν
615 1609 800 1695 κατεχόντων
816 1610 896 1677 αάτά
912 1610 1077 1699 προϊόντων
1094 1614 1144 1676 καὶ
1156 1619 1242 1696 ψαλ-

146 1709 259 1777 λόντων
279 1713 368 1798 μέχρι
392 1714 443 1786 καὶ
464 1718 519 1776 τού
540 1709 673 1798 μεγάλου
695 1717 861 1780 παλατίου·
887 1715 945 1780 τίνι
965 1715 999 1780 δέ
1012 1711 1115 1810 τρόπῳ
1130 1717 1241 1801 γίνεται

145 1821 254 1893 τούτο,
279 1811 296 1878 ὃ
310 1813 398 1901 λόγος
414 1816 552 1897 ζητεῖται.

101 1933 139 1988 15
244 1915 425 2002 Ἀρχομένων
435 1917 477 1981 δέ
492 1913 669 2000 ψάλλεσθαι
683 1920 739 1982 τοῦ
756 1916 804 1980 ἐπὶ
824 1922 864 2003 τῇ
876 1911 994 2002 μεγάλη
1008 1913 1117 2003 είσόδιμ
1132 1915 1240 1999 δμνου,
1256 1923 1281 1977 l)

145 2011 302 2106 ἐρχόμενοι
318 2017 347 2082 oi
361 2016 543 2107 ἐντιμότεροι
559 2025 620 2084 τῶν
632 2015 781 2084 διακόνων
792 2025 847 2101 τῆς
859 2019 1017 2103 ἐκκλησίας
1031 2027 1241 2106 προσκαλοῦν·

144 2148 196 2188 ται
219 2121 273 2187 τδν
293 2121 439 2204 floccum
491 2119 507 2186 ὃ
528 2122 562 2186 δέ
583 2119 702 2209 ἐρχεται
720 2120 789 2204 μετ’
814 2120 915 2187 αὐτῶν
938 2123 980 2198 είς
1002 2120 1058 2204 τὴν
1079 2122 1240 2207 λεγομένην

142 2221 307 2312 πρόθεσιν,
340 2223 419 2290 ἐνθα
443 2233 553 2290 κεῖνται
577 2223 617 2289 τά
644 2225 726 2310 άγια.
776 2222 820 2288 ἐτι
840 2224 874 2290 δὲ
899 2221 959 2301 ἐξω
982 2230 1037 2306 τῆς
1063 2226 1239 2311 προθέσεως

144 2324 303 2412 ἱστάμενος
319 2325 454 2392 ἐνδύεται
469 2325 570 2393 ἐπάνω
591 2334 645 2393 τού
664 2326 778 2394 σάκκου
798 2329 849 2392 καὶ
872 2333 929 2392 τοῦ
950 2324 1137 2411 διαδήματος
1157 2355 1237 2411 μαν-

99 2429 222 2500 sotter
237 2437 384 2517 χρυσοῦν.
433 2432 484 2495 καί
494 2437 539 2517 ,τῇ
552 2430 608 2513 μέν
622 2433 707 2522 δεξιᾷ
720 2431 799 2517 χειρὶ
812 2429 929 2512 κατέχει
944 2429 998 2496 τόν
1011 2428 1159 2518 σταυρόν,
1193 2428 1237 2512 ιδς

143 2531 276 2628 σύνηθές
289 2533 353 2599 ἐστι
369 2542 488 2620 κρατεῖν
498 2532 551 2598 τόν
562 2535 707 2615 βασιλέα,
733 2532 806 2600 όταν
820 2535 871 2598 καί
883 2533 919 2600 τδ
934 2535 1053 2616 στέμμα
1067 2544 1170 2622 φορεῖ,
1195 2541 1234 2622 τῇ

143 2638 178 2701 δέ
194 2637 338 2728 ἀριστερᾷ
356 2636 473 2719 κατέχει
487 2633 642 2723 νάρθηκα.
691 2638 788 2721 ἐπέχει
803 2643 876 2720 γοῦν
892 2633 959 2703 τότε
974 2634 1059 2713 τάξιν
1073 2639 1233 2721 ἐκκλησια-

142 2740 246 2824 στικὴν
266 2737 305 2824 ἣν
320 2746 447 2807 καλοῦσι
460 2746 515 2808 τού
531 2738 708 2806 δεποτάτου.
757 2746 876 2829 κρατῶν
893 2731 947 2805 σύν
962 2735 1123 2828 ἀμφότερα
1140 2737 1246 2824 δβα-·

210 2933 244 2989 10
259 2933 404 2997 κοκκίνους
418 2932 466 2989 καί
484 2928 594 3004 άοπρας
610 2927 678 2990 ὅσον
693 2933 869 3002 διοπνθάμας
884 2933 931 2988 ΑΒ

140 3105 304 3174 mystagogia
320 3104 470 3174 peragitur,
496 3105 665 3175 imperatores
687 3105 789 3160 sedent.
824 3111 852 3158 at
875 3105 1015 3159 decantato
1040 3105 1165 3177 trisagio,
1187 3107 1232 3162 vel

140 3173 292 3244 apostolicis
308 3175 446 3244 scripturis
463 3175 612 3244 divinisque
630 3175 774 3243 evangeliis
791 3175 882 3243 lectis,
904 3182 1014 3244 surgunt
1031 3185 1059 3229 et
1075 3177 1138 3248 ipsi.
1174 3193 1231 3231 curn

139 3252 224 3296 autern
243 3253 352 3313 utraque
369 3262 402 3296 ex
419 3253 496 3313 parte
512 3245 602 3313 templi
620 3243 722 3314 ligneae
739 3245 898 3298 anabathrae
922 3244 990 3298 huno
1012 3244 1096 3314 ipsum
1114 3247 1141 3298 in
1157 3263 1230 3300 usurn

140 3322 287 3366 exstructae
311 3313 378 3380 sint,
406 3331 471 3382 quas
497 3321 624 3383 occupant
648 3313 825 3383 protopsaltae
852 3321 879 3365 et
902 3314 1037 3366 domestici
1064 3325 1090 3368 et
1107 3315 1231 3384 lectores,

139 3399 205 3450 quos
231 3381 316 3434 veteri
340 3400 409 3434 more
435 3383 463 3434 in
486 3381 631 3436 huiusmodi
648 3382 815 3453 panegyricis
832 3382 907 3435 festis
924 3391 952 3436 et
968 3383 1159 3436 initiationibus
1177 3384 1231 3437 cia-

138 3458 252 3504 matores
269 3459 373 3519 vocant,
393 3451 439 3520 qui
455 3459 553 3505 canunt
571 3451 673 3504 cantica
690 3453 816 3520 quaedam
833 3453 883 3503 huc
900 3452 1026 3504 facientia
1041 3459 1069 3505 at
1086 3469 1230 3507 accommo-

114 3532 117 3544 ·
137 3521 213 3584 data3
231 3519 276 3588 qui
292 3527 402 3589 utraque
418 3537 451 3572 ex
468 3529 543 3592 parte
559 3528 650 3573 tenent
666 3529 720 3574 tres
739 3520 835 3588 hastas,
853 3520 956 3574 circulis
970 3519 1063 3588 ligneis
1080 3521 1228 3606 insignitas²

138 3607 170 3641 ex
194 3589 288 3657 quibus
310 3587 338 3640 in
362 3591 450 3642 orbern
474 3589 554 3660 panni
579 3590 658 3642 sorici
682 3589 798 3642 coccinei
824 3596 851 3642 et
868 3589 971 3642 candidi
988 3590 1135 3658 dependent
1153 3609 1229 3659 quaer

30 3717 35 3724 x
136 3658 244 3711 duarum
261 3657 455 3728 spithamarunr.
490 3676 557 3728 quae
576 3659 693 3725 (hastae)
711 3667 818 3726 peracta
833 3657 940 3727 liturgia
953 3659 1136 3727 imperatorem
1150 3670 1225 3713 ante-

136 3729 247 3794 cedunt,
273 3727 306 3778 iis
331 3732 358 3779 et
380 3729 426 3796 qui
446 3727 516 3796 ipsas
538 3736 645 3797 portant
661 3728 847 3798 praeeuntibus
867 3735 895 3780 et
912 3728 1075 3782 cantantibus
1092 3745 1175 3800 usquo
1194 3731 1228 3784 ad

134 3813 254 3866 magnum
270 3795 405 3867 palatium.
440 3813 491 3866 quo
511 3809 596 3850 autern
613 3799 689 3850 nodo
706 3797 756 3849 hoc
773 3799 827 3866 fiat,
845 3796 913 3850 ratio
932 3798 1078 3867 quaeritur.

202 3899 315 3962 Quando
332 3898 414 3968 igitur
429 3897 458 3951 in
474 3915 567 3968 magno
590 3899 699 3954 introitu
715 3900 853 3954 inchoatur
869 3899 994 3969 hymnus,
1019 3900 1174 3956 accedentes
1192 3917 1226 3954 ex

134 3965 346 4022 honoratioribus
362 3967 488 4022 ecciesiae
505 3969 622 4022 diaconis
638 3970 752 4024 invitant
766 3970 957 4041 imperatorem.
992 3969 1036 4023 ille
1053 3987 1109 4022 curn
1127 3969 1177 4022 illis
1195 3987 1225 4022 se

133 4040 238 4092 confort
258 4040 292 4091 ad
314 4037 397 4090 locum
420 4037 466 4106 qui
490 4039 621 4108 prothesis
641 4040 801 4109 appellatur,
830 4039 876 4093 ubi
900 4046 991 4094 sancta
1011 4039 1129 4107 reposita
1151 4047 1222 4092 sunt.

132 4113 246 4160 ceterum
268 4107 353 4160 adhuc
379 4113 454 4160 extra
479 4107 614 4176 prothosin
632 4117 705 4162 stans
727 4109 813 4163 induit
834 4126 914 4178 super
933 4124 1037 4162 naccum
1059 4115 1086 4160 et
1102 4105 1224 4159 diadema

132 4177 270 4244 mandyanr
294 4192 416 4240 aureum
445 4177 537 4229 dextra
561 4193 637 4230 manu
660 4185 870 4244 tenatorum,
895 4183 974 4246 prout
998 4173 1078 4228 moris
1095 4181 1136 4226 est
1151 4173 1223 4228 ferre

130 4244 324 4386 ηωρεηιηρηοθηιο,
341 4247 548 4369 qutandolgestat
564 4254 697 4370 sct‘riauaali
705 4247 814 4301 sinistra
830 4255 904 4300 tenet
919 4242 1222 4382 natrt‘iireclolgfieeuiigssrer-

140 4331 191 4369 aur.
323 4331 356 4370 ue
384 4332 434 4370 uuo
462 4331 567 4370 ocutus
607 4333 675 4370 esras
698 4333 755 4370 cum
771 4333 847 4386 quam
863 4331 948 4371 rooau
994 4329 1026 4382 sp
1096 4345 1105 4365 ·
1209 4341 1222 4353 -
