2798 4690
429 230 533 348 sm
552 276 796 350 common.
815 279 878 350 xr.
1082 247 1088 256 ’
1162 280 1237 352 are

143 447 299 528 deponentes
315 439 447 506 madidae
472 442 633 521 inducunt,
663 445 812 524 bugamum
839 445 1023 526 imperatorum
1045 453 1238 526 argumetum.

144 535 299 610 matutimis
310 548 418 590 causum
434 531 615 609 praecentibus
627 533 768 610 imperator
781 537 908 606 cramail,-
925 531 1014 610 pridie
1022 535 1236 612 proptcrscrtum

143 619 213 678 diem
227 617 290 676 illac
302 616 374 674 aliar
386 615 521 687 indecisam
538 635 611 675 nunc
622 615 670 674 illo
679 620 822 694 praeterito
835 635 928 676 rursus
935 615 1037 695 scutris
1056 624 1082 678 ct
1097 623 1237 700 imperato·

142 707 184 766 ric
198 699 354 782 (Andronici
367 699 497 777 lucinio)
510 706 615 760 mortem
628 701 839 778 sibilugcndum.

228 804 263 862 ab.
284 819 313 863 v.
336 803 384 864 16.
409 797 519 858 intuere
541 806 573 859 et
589 799 681 866 animo
696 819 837 876 =,rrerrerare
858 801 1048 861 sanctissimae
1064 799 1178 878 virginis
1191 803 1237 861 oi·-

145 891 247 948 cton'ac
258 887 399 964 effectn'cic
411 885 559 962 imaginem
573 903 635 942 cum
647 885 767 964 imagine
780 887 810 946 S.
825 886 947 963 Georgii.
989 887 1043 946 fuit
1064 887 1133 946 haec
1152 885 1240 946 Nico-

144 989 235 1052 pocae
248 970 363 1047 virginis
376 969 468 1045 imago
477 971 540 1052 pina
554 968 639 1027 dubio
652 969 699 1028 illa
713 988 797 1046 quam
810 969 930 1032 loannes
944 971 1105 1032 comnenus
1118 971 1239 1051 impera-

145 1063 193 1116 tor
205 1077 258 1115 suo
271 1057 333 1114 loco
347 1055 437 1113 urrrui
456 1052 615 1133 triumphali
635 1055 769 1132 imposuit
785 1055 862 1114 velut
880 1056 1036 1134 Victoriae,
1062 1075 1147 1133 quam
1167 1054 1241 1114 obti-

145 1147 262 1217 nuerat,
280 1142 383 1200 unicam
403 1137 564 1215 ffcciriccm.
593 1156 619 1196 r.
633 1138 725 1199 Nicer.
739 1139 830 1200 Chon.
843 1161 872 1219 p.
885 1143 929 1200 ed.
944 1141 1034 1200 Bonn
1049 1147 1101 1207 26.
1140 1140 1239 1198 viden·
1254 1139 1276 1196 1³
1293 1141 1347 1197 233

146 1223 194 1284 tur
209 1223 386 1284 autembanc
399 1223 444 1281 dei
456 1222 596 1301 genitricis
612 1223 761 1302 imaginem
773 1244 867 1284 secum
886 1225 1018 1286 extulisse
1038 1225 1067 1284 iu
1086 1243 1156 1304 expe
1167 1226 1241 1284 :itio-

144 1328 205 1370 nes.
223 1379 226 1386 ¹
246 1309 312 1368 hinc
331 1308 447 1368 Nrcetas
464 1308 620 1375 ¹Choniates
638 1309 669 1368 in
688 1309 804 1391 imperio
825 1309 1001 1391 Murauphli:
1021 1309 1112 1390 ἤτῆς
1125 1308 1240 1391 decuria

144 1416 234 1476 rocoa
261 1384 369 1466 cincio,
399 1389 441 1472 ἣν
463 1393 495 1456 oi
514 1395 644 1474 βασιλεῖς
668 1391 818 1480 ‘Panaima
839 1399 998 1458 ποιοῦνται
1023 1391 1241 1476 συστράτηγον,

144 1484 208 1552 τοῖς
225 1477 374 1552 ἐναντίοις
388 1474 529 1540 ἑάλωκεν.
570 1480 655 1538 etiam
674 1479 821 1540 Heraclius
840 1479 1159 1560 imperatorimuginem
1172 1499 1239 1538 san-

144 1563 284 1623 ctissimae
303 1563 418 1640 virginis
440 1564 469 1622 in
492 1562 619 1642 militiam
639 1566 771 1644 praesidii
789 1584 874 1626 causa
892 1565 1057 1626 abducebat.
1098 1563 1240 1624 Arthurus
1343 1625 1350 1636 ,

144 1645 239 1708 Britto
251 1651 281 1707 in
293 1649 422 1709 macrum
435 1647 570 1708 Badmici
588 1647 707 1720 Montis,
726 1649 816 1728 frctus
836 1653 951 1725 imagine
972 1649 1115 1708 dominicae
1133 1653 1238 1724 matris,

145 1753 226 1812 quum
244 1737 326 1792 armis
344 1737 402 1792 sur‘c
426 1735 561 1807 inruerat,
587 1739 730 1808 nongentos
748 1734 861 1792 bostium
880 1734 951 1792 colus
968 1733 1079 1792 adorsus
1090 1735 1241 1794 incredibili

144 1817 225 1876 caede
241 1819 418 1896 profligauit,
440 1821 473 1876 nt
490 1817 588 1876 scribit
608 1817 772 1878 Wilhelmus
791 1817 1045 1878 Malmesburiensis
1065 1817 1084 1878 l.
1101 1820 1166 1884 lde
1180 1819 1239 1878 Ge·

144 1902 197 1961 stis
210 1920 310 1978 regum
320 1901 440 1980 Angliae
453 1921 475 1961 r.
492 1907 519 1967 1.

217 1999 281 2056 ibid.
309 1999 361 2067 τῆς
383 1999 540 2068 ornonocori]
563 1997 631 2070 quod
654 1997 731 2052 dubie
758 1999 914 2066 Gretcerns,
943 2001 1030 2051 certus
1054 2013 1141 2052 assero
1165 1997 1242 2052 divae

146 2067 679 2191 ttlllilttt·l‘t“⁰ttb⁰”lo
694 2073 878 2190 illitati.
889 2065 1126 2204 abablio
1137 2067 1242 2189 pepp

147 2207 266 2276 umphum
282 2156 342 2260 acii
357 2153 601 2274 loquentisguvcrbar
623 2200 674 2266 cole
698 2204 777 2266 ninom
798 2204 836 2274 τῇ
856 2199 1011 2272 isauricum
1032 2201 1053 2257 oi
1090 2221 1241 2273 συστρατη-

146 2270 234 2344 piccbr
250 2269 348 2344 ἀμάχῳ
370 2266 599 2342 incppaqdpsrloe.
628 2274 762 2342 quiedam
779 2272 899 2342 triumphi
915 2288 1033 2354 pompam
1095 2269 1242 2342 veredus

145 2343 243 2396 cordo
264 2343 315 2410 cria
336 2337 441 2403 πόλεως
462 2337 490 2404 ἐς
512 2337 581 2397 αὐτὸ
607 2337 640 2396 cd
664 2339 698 2410 με’
715 2359 734 2394 or
755 2337 893 2394 παῖάτιον
920 2343 1005 2395 cumr.
1044 2340 1150 2395 Mannel
1173 2343 1241 2396 filius

147 2411 242 2498 eidem,
267 2411 309 2498 ait
326 2410 393 2464 illius
414 2410 483 2464 ritas
505 2409 584 2494 1.,5,
605 2361 758 2494 triumpium
781 2427 829 2464 ceu
850 2405 1021 2484 aaronem
1043 2407 1173 2484 συμμάχῳ
1192 2407 1242 2466 καὶ

145 2494 359 2551 ακαταγωνιστῳ
375 2494 552 2551 συστρατημφ
568 2487 658 2534 ment.
753 2517 755 2523 ι

231 2569 267 2627 ib.
281 2570 367 2631 v.17.
389 2565 419 2624 S.
431 2566 546 2644 Georgii
559 2566 663 2645 imago]
680 2566 798 2628 forsitan
808 2565 877 2626 haec
890 2563 939 2626 illa
953 2570 1042 2625 estex
1055 2583 1111 2642 qua
1126 2567 1241 2645 sangui-
1280 2628 1281 2632 ,

145 2670 212 2712 nem
224 2669 354 2712 manasse
366 2651 463 2710 scribit
475 2651 658 2730 Pachymeres
672 2649 691 2710 l.
704 2656 724 2716 7
738 2651 836 2710 ilistor.
855 2655 930 2708 certe
943 2650 990 2708 illa
1002 2657 1046 2709 est
1060 2653 1136 2710 cuius
1151 2671 1241 2728 equus

147 2737 284 2817 (equitem
302 2737 376 2795 enim
393 2735 462 2795 haec
478 2737 571 2815 imago
592 2739 622 2796 S.
647 2736 800 2814 Georgium
820 2731 980 2814 exhibebat)
1009 2733 1149 2806 horrendo
1173 2757 1242 2815 pro·

146 2823 224 2899 digio
243 2821 400 2882 horrificum
419 2821 558 2896 hinnitum
573 2823 662 2880 edidit
680 2820 734 2880 sub
755 2818 916 2880 Andronico
934 2820 1043 2879 seniore
1063 2820 1242 2899 imperatore,

147 2907 232 2984 paulo
255 2913 322 2966 ante
342 2925 427 2982 quam
443 2907 534 2968 iunior
552 2906 730 2966 Andronicus
750 2905 862 2984 Cpolim
882 2911 1039 2985 occuparet.
1081 2907 1242 2988 prodigium

147 2991 202 3049 hoc
216 2991 346 3050 describit
359 2991 501 3070 Gregoras
514 2991 532 3052 l.
544 2997 567 3058 ’8
583 3013 611 3074 p.
626 2992 688 3056 303
701 2989 805 3050 Bonn..
834 3008 869 3048 ex
890 2990 967 3048 cuius
982 2991 1140 3048 narratione
1153 2989 1243 3050 habes

148 3073 222 3132 hanc
244 3075 280 3134 D.
301 3076 415 3152 Georgii
434 3074 592 3152 equestrem
612 3077 775 3154 imaginem,
802 3079 885 3134 tanto
905 3074 1037 3132 miraculo
1056 3074 1243 3154 nobilitatam,

149 3175 211 3216 esse
224 3158 299 3218 illam
312 3160 348 3216 de
363 3177 419 3234 qua
431 3161 474 3219 hic
488 3160 669 3240 Curopalata.
710 3160 775 3218 vide
787 3177 859 3235 quae
878 3158 914 3217 de
935 3160 965 3217 S.
987 3158 1110 3235 Georgio
1130 3160 1228 3238 scripsi
1241 3205 1243 3208 .

148 3261 212 3302 mus
226 3241 244 3300 l.
259 3243 325 3303 ide
339 3244 418 3300 festis
432 3265 455 3304 c.
470 3249 498 3310 6.
540 3244 652 3304 consule
664 3245 750 3304 etiam
762 3239 958 3302 Adamannum
972 3243 1088 3302 Scotum
1101 3241 1242 3304 Abbatem'

150 3329 187 3386 de
208 3326 265 3384 situ
285 3325 391 3384 Terrae
409 3332 537 3404 sanctae,
566 3345 655 3405 nuper
678 3346 697 3386 a
720 3324 801 3388 nobis
820 3329 943 3406 editum,
966 3327 1038 3406 la,
1058 3326 1106 3385 ubi
1121 3329 1191 3388 mira
1205 3329 1243 3389 de

149 3411 273 3490 quadam
287 3411 317 3468 S.
333 3410 447 3490 Georgii
458 3412 579 3488 imagine
593 3411 721 3489 reperies.
907 3414 909 3419 '

234 3511 270 3572 ib.
293 3530 320 3570 v.
340 3511 390 3575 20.
423 3513 572 3592 peripatou
592 3510 763 3572 commodius
791 3527 849 3568 non
868 3516 960 3569 vertes
982 3529 1066 3587 qnam
1086 3513 1111 3572 si
1131 3533 1244 3594 proces-

149 3599 257 3658 sionem
272 3601 382 3656 rertas:
402 3602 446 3654 est
459 3597 531 3656 enim
547 3597 577 3654 id
596 3597 673 3672 quod
688 3595 821 3655 Germani
834 3603 936 3654 vocant
949 3595 997 3656 den
1009 3600 1150 3676 arabgang.
1180 3601 1245 3659 vide

150 3681 287 3759 qnaelrac
300 3684 336 3740 de
350 3698 381 3739 re
395 3681 511 3740 dumus
522 3681 539 3740 l.
558 3683 625 3745 1de
638 3681 723 3740 sacris
745 3681 984 3761 processionibus,
1003 3702 1025 3742 c.
1050 3687 1076 3746 1.
1097 3683 1192 3743 lunius
1214 3689 1245 3744 et
1308 3706 1310 3710 ¹

150 3768 255 3843 ubique
272 3765 392 3826 ambulat
408 3771 438 3824 et
450 3767 640 3826 ambulationes
651 3765 787 3843 somniat,
808 3772 841 3824 ut
860 3785 964 3826 morem
977 3785 1117 3828 sacrarum
1130 3789 1243 3851 proces-

149 3853 259 3912 sionum
272 3850 505 3930 supplicationum
515 3857 545 3910 et
561 3851 719 3911 litaniarum
732 3852 868 3911 obfuscet.
1070 3853 1074 3863 “

219 3949 255 4002 ib.
273 3965 299 4000 r.
317 3949 360 4003 21.
385 3943 476 4017 λιτήν]
500 3948 549 4002 bac
573 3965 638 4001 voce
661 3966 712 4002 non
735 3948 828 4002 nudam
856 3949 1085 4018 supplicationem,
1109 3949 1156 4004 scd
1176 3949 1243 4004 inter

149 4017 437 4154 {miqudgfflqgm
457 4017 515 4072 riva
536 4018 733 4088 procnaioncru,
756 4017 894 4088 significari
909 4018 1004 4072 diserte
1020 4021 1185 4072 monstratum
1202 4023 1244 4074 cst

235 4193 268 4250 p.
278 4177 321 4237 70
330 4194 356 4232 v.
370 4177 398 4238 8.
421 4175 457 4232 de
477 4174 597 4252 imagine
616 4173 730 4252 virginis
750 4175 939 4254 Hodegetriae
957 4195 980 4233 c.
1002 4191 1061 4247 seq.
1075 4171 1157 4250 plara
1169 4174 1243 4254 ipse-

152 4261 211 4317 met
225 4257 360 4318 Codinus.
401 4277 460 4320 non
479 4265 540 4320 erat
558 4260 705 4320 ordinarie
720 4261 750 4318 in
769 4260 848 4346 aula,
873 4261 926 4320 sed
946 4258 975 4318 in
997 4257 1243 4323 monasteriorum
