2802 4686
169 285 242 362 158
320 281 531 354 GRETSERI
548 281 605 351 ET
625 278 758 354 (soem
776 278 1111 350 COMMENTARIUS

169 449 247 532 quod
269 453 372 530 scum,
397 451 514 514 cintus
533 448 645 512 exarchi
668 447 793 525 dignitas
815 443 883 508 olim
901 443 977 507 dara
1000 445 1056 506 fuit
1082 445 1170 507 etiam
1192 453 1276 512 extra

167 539 311 600 ecclesiam
323 541 398 600 inter
417 537 557 616 palatinas
574 534 733 596 functiones
750 537 781 592 et
799 531 1000 611 imperatorias.
1029 531 1096 591 hinc
1111 535 1221 594 acorctr'
1234 535 1275 596 illi

167 625 311 702 initalia,
329 643 448 700 quorum
460 639 600 698 nusquam
613 637 671 680 non
684 619 799 679 mentio.
818 623 849 678 et
865 617 1030 678 Gennadius
1046 619 1177 680 exarchus
1193 619 1276 699 Afri-

167 731 235 786 cae,
254 712 387 785 adquam
398 707 496 769 scribit
509 708 540 767 S.
551 705 706 786 Gregorius
719 702 841 782 Magnus
855 700 874 762 l.
899 706 926 766 1.
944 703 1028 783 epist.
1043 706 1093 769 37.
1114 703 1180 764 hinc
1194 725 1276 765 error-
1293 733 1296 740 ·

167 797 264 856 cietur
284 800 316 854 et
340 793 477 857 courcite.
505 789 634 876 ἔπαρχος
657 789 783 873 palatina
806 790 930 870 dignitas
957 795 1004 851 est
1024 790 1102 872 apud
1132 790 1275 854 Codinum

236 1019 263 1073 p
283 1001 302 1056 6
324 1017 352 1059 v.
376 1003 419 1058 10.
455 995 573 1072 ἔξαρχον
589 1018 646 1056 enm
665 999 744 1054 hodie
761 1003 869 1065 vocant,
887 995 930 1068 qni
944 997 1016 1052 velut
1031 1011 1048 1051 a
1063 996 1147 1052 latere
1162 997 1275 1067 patrier-

170 1070 236 1124 ohae
254 1071 354 1139 tegetur
379 1069 527 1142 provincias
545 1071 570 1124 ei
587 1072 715 1125 subiectas
729 1069 796 1133 obit,
818 1085 850 1121 ac
871 1066 904 1120 de
928 1068 1076 1122 clericorum
1097 1068 1222 1133 moribus,
1240 1068 1275 1122 de

172 1140 256 1194 musis
274 1140 470 1205 ecclesiasticis,
483 1141 517 1194 de
528 1141 598 1194 cultu
609 1140 711 1206 divine,
731 1139 814 1191 sinen
827 1137 986 1206 obsolescat,
1004 1137 1038 1190 de
1048 1137 1171 1206 coniugiis
1182 1142 1210 1190 et
1227 1154 1274 1190 eo·

173 1225 229 1264 rum
240 1208 375 1276 divortiis,
391 1209 424 1264 de
433 1210 516 1280 plebis
527 1210 705 1282 pontificisque
716 1207 845 1272 dissidiis,
865 1206 898 1259 de
909 1223 1032 1260 monum
1044 1207 1275 1260 ecclesiasticorum

175 1277 359 1340 observantie,
376 1277 409 1332 de
425 1279 605 1345 sacramentis,
622 1275 787 1332 confessionis
802 1275 925 1344 maxime,
943 1275 1117 1341 conterendis,
1134 1275 1167 1328 de
1185 1292 1275 1329 mona-

172 1348 277 1400 chorum
296 1347 441 1417 disciplina,
475 1348 508 1402 de
526 1347 687 1401 ecclesiarum
704 1363 720 1400 a
737 1343 893 1398 dioecesanis
913 1352 1085 1416 exemptarum
1100 1345 1200 1414 iegibus
1222 1350 1274 1398 etc.

172 1416 291 1487 inquirit,
308 1417 387 1470 ethis
405 1417 503 1472 meotis
520 1435 553 1470 ex
571 1433 653 1486 aequo
669 1417 802 1484 bonoque,
819 1413 897 1477 dum,
916 1414 985 1482 quod
997 1415 1085 1475 aiunt,
1102 1412 1275 1468 visitationem

171 1485 296 1556 peragit,
315 1485 424 1538 consulit
441 1487 468 1540 in
483 1491 625 1557 posterum
642 1482 831 1556 pmaemnibus
841 1499 905 1536 vero
917 1499 1007 1537 census
1020 1501 1052 1536 ex
1066 1499 1220 1553 unaquaque
1230 1501 1277 1536 ec-

172 1555 251 1608 clesia
269 1554 431 1624 patriarchae
448 1555 616 1610 obvenientes
633 1561 661 1608 et
679 1559 771 1606 cuncta
790 1551 825 1604 ad
844 1569 902 1606 eum
919 1553 1061 1622 spectantia
1071 1552 1127 1606 iure
1139 1552 1276 1620 diligenter

121 1663 128 1678 r
170 1623 327 1691 investigat,
342 1623 423 1692 rigide
437 1624 548 1694 colligit,
567 1630 594 1678 et
611 1638 790 1692 nonnunquam
811 1621 1043 1692 exindeperemple
1055 1625 1161 1686 auctus,
1179 1621 1212 1674 ad
1242 1639 1273 1676 a·

145 1694 150 1704 ’
170 1692 307 1746 triarcham
326 1691 419 1746 defert.
454 1695 502 1746 hoc
524 1691 576 1745 eius
597 1708 687 1745 munus
705 1691 876 1760 imperatoriis
894 1691 1011 1744 exarchis
1022 1691 1048 1744 in
1060 1691 1132 1743 Italia
1144 1707 1213 1761 quon
1232 1708 1273 1744 am

47 1759 50 1768 '
169 1761 342 1814 residentibus
360 1779 411 1814 uon
423 1761 546 1825 absimile,
563 1762 633 1814 illisi
647 1761 746 1830 quidem
758 1757 820 1812 belii
831 1759 952 1830 pacisque
962 1767 1079 1830 tempore
1090 1768 1183 1813 cuncta
1193 1760 1276 1831 impe-

169 1835 284 1882 natorum
299 1828 355 1882 iura
371 1837 442 1884 sarta
460 1837 530 1884 tecta
547 1831 702 1884 servabantr
721 1828 748 1882 hi
766 1828 879 1899 pariter,
897 1845 945 1882 cen
960 1826 1120 1900 patriarchae
1136 1829 1226 1882 vicarii
1243 1847 1274 1884 ac

168 1898 783 2036 dttttttd‘ttttttt‘tt'ttt
800 1904 1274 2033 ttftdtdt‘ttfflatttt·

168 2035 288 2104 πλησίον
309 2037 362 2091 σού
385 2034 597 2103 δενσερεύοναος
623 2030 654 2091 ἐν
676 2031 822 2108 ἐκκλησίᾳ,
850 2034 959 2104 χορεύει
981 2031 1013 2089 di
1037 1986 1161 2091 καίχπύν
1178 2037 1276 2100 σκεύος

168 2101 218 2159 καὶ
235 2100 357 2175 ἅλλαχοὶς
372 2107 408 2176 τῆ
437 2107 567 2176 περιοχῆς
583 2106 633 2168 se
650 2099 812 2174 ἐπισκοπῆς.
849 2100 1015 2174 ἄναθεωρεῑ
1030 2101 1062 2159 δὲ
1087 2103 1135 2158 καὶ
1149 2099 1200 2168 τὰς
1215 2106 1276 2173 repl-
1343 2135 1348 2144 ·

168 2189 225 2236 σεις
240 2174 291 2244 τῆς
306 2169 389 2243 οἶχίας
406 2125 563 2244 ίκκληοίας,
586 2125 617 2229 εί
630 2167 785 2242 ἐκρίθησαν
801 2171 923 2236 δικαίως.
959 2171 1008 2228 καὶ
1027 2171 1129 2242 ponique
1146 2170 1183 2229 τύ
1198 2173 1276 2230 dne-

168 2242 273 2313 μίνσια.
309 2238 475 2312 ἀναχορεύει
492 2240 524 2299 di
541 2243 589 2298 ueri
610 2243 666 2298 τῶν
691 2239 873 2312 ἀνδρογύνων
899 2238 935 2299 τύ
954 2239 1111 2312 κωλύματα.
1146 2247 1276 2298 ontinen-

168 2314 215 2366 ar'ir
227 2313 281 2366 diei
297 2315 422 2382 annique,
446 2332 496 2382 quo
512 2323 663 2368 σοκνισσαλα
678 2320 753 2374 aunt,
773 2321 851 2366 notua
866 2315 989 2382 opponit:
1011 2321 1037 2367 ct
1050 2314 1275 2369 matrimoniorum

167 2383 354 2449 inpedimento
376 2385 518 2437 σσαπίπολ.
549 2383 661 2436 observa
677 2379 711 2435 σύ
731 2376 836 2450 ύλλαχή
855 2391 951 2436 uestem
977 2401 1081 2436 ruerent
1101 2384 1217 2448 referre,
1240 2377 1274 2438 cri

169 2444 298 2574 ρίλέύσσοο
322 2467 385 2506 vero
409 2449 571 2523 frequentius
593 2468 642 2522 per
665 2454 749 2506 totum
771 2450 821 2504 hoe
843 2467 909 2522 opus
926 2467 1063 2506 occurens
1079 2460 1165 2508 rertcc
1183 2469 1275 2508 recres

171 2535 202 2573 ‘n
222 2537 291 2576 we·

253 2635 320 2698 idid.
361 2633 487 2696 Ultimus
514 2640 560 2696 est
595 2633 786 2711 ecclesianis,
816 2633 969 2715 praesenter
998 2635 1129 2696 οιιλοοίοο.
1168 2634 1276 2696 cintus

169 2721 298 2781 nominat
311 2726 369 2781 tres
384 2718 530 2803 ύρχοντας
542 2724 604 2785 σύν
618 2722 798 2802 ἐκκλησιῶν,
819 2721 892 2778 iuter
907 2739 978 2797 qnos
995 2722 1071 2779 haud
1093 2722 1176 2781 dubie
1191 2742 1276 2800 unus,

65 2809 88 2866 l’
105 2810 156 2868 177
174 2807 222 2882 qui
244 2827 333 2886 supra
356 2809 386 2866 in
409 2809 507 2883 quinta
527 2809 650 2886 pentade
672 2809 764 2866 dictrus
783 2812 845 2884 est,
871 2803 891 2868 ύ
910 2801 1011 2888 ύρχοον
1029 2809 1092 2869 coir
1110 2805 1276 2885 ίκκλησιοῖν

172 2886 246 2971 μετὰ
261 2893 318 2954 cori
331 2893 496 2956 σακελλίοο.
517 2893 679 2954 Bonefidius
695 2893 795 2972 vertit,
809 2891 905 2954 nescio
925 2911 1011 2972 quam
1032 2893 1108 2954 bona
1128 2893 1201 2976 fide,
1220 2899 1275 2954 tres

172 2980 348 3054 masnata
363 2978 540 3040 ecclesiarum.

241 3110 257 3170 i
275 3110 483 3186 ἒκκλησιύρχης]
504 3115 549 3187 qui
567 3133 630 3172 suae
651 3134 730 3174 curae
747 3118 925 3173 demandatam
942 3118 1068 3174 ecclesiae
1086 3113 1171 3173 curam
1189 3123 1273 3187 tenet,

171 3185 204 3238 ad
221 3184 333 3238 officium
346 3185 460 3239 divinum
477 3186 524 3239 dat
540 3187 630 3255 signa,
652 3188 745 3242 lumina
760 3189 871 3259 disponit
890 3194 918 3241 et
936 3190 1068 3255 accendit,
1094 3190 1184 3242 sedilia
1201 3207 1274 3243 com-

171 3255 261 3325 ponit,
285 3270 372 3308 sacras
388 3253 510 3323 imagines
527 3259 627 3326 profert
642 3259 685 3312 vel
703 3259 833 3323 recondit,
857 3275 889 3312 ac
912 3257 1022 3328 deniqne
1042 3259 1189 3312 munditiem
1213 3259 1275 3314 ubi·

170 3339 222 3394 que
238 3321 373 3394 splendere
386 3323 522 3395 providet,
543 3341 594 3380 uno
611 3329 692 3380 verbo
712 3329 759 3382 sub
778 3327 966 3399 sceuophylaoe
986 3343 1078 3397 magno
1094 3345 1213 3382 vasorum
1224 3345 1274 3381 cu-

170 3391 245 3448 stode
262 3393 395 3447 sacristam
414 3394 478 3462 agit.
513 3393 568 3449 eius
585 3395 731 3450 instituendi
750 3399 855 3450 formam
875 3391 900 3448 ih
918 3395 1099 3466 Euchoiogicis
1117 3397 1212 3468 protuli
1224 3398 1271 3456 fol.

97 3464 105 3477 '
170 3463 230 3517 489.
244 3463 340 3516 socium
354 3481 386 3516 ex
399 3464 558 3518 Graecorum
569 3465 651 3518 relatu
662 3461 713 3520 τὸν
724 3461 879 3536 ὃιαβασιήν
895 3467 1015 3519 tectorem
1027 3485 1171 3520 σσνιιιοκιινα
1185 3476 1211 3522 ct
1223 3469 1274 3520 iro·

168 3533 301 3586 mitiorum
320 3537 347 3584 et
363 3529 565 3602 κανδηλοίπσην
581 3535 661 3589 cerne
683 3537 840 3604 λαοσπιίοηιια
861 3536 1031 3590 accendendis
1048 3539 1212 3604 praesectum
1223 3536 1274 3588 ad·
1390 3583 1391 3588 ,

171 3601 250 3655 iunxi
285 3601 361 3667 huic,
383 3602 449 3656 sicut
468 3600 761 3675 anapauomenen,
787 3604 917 3672 signorum
932 3603 959 3656 in
978 3604 1086 3658 ecclesia
1097 3605 1274 3660 faciendorum

172 3669 284 3722 studium
303 3667 436 3726 committit
446 3671 554 3725 dilatius
566 3672 599 3725 de
609 3672 779 3727 recentiorum
791 3673 951 3726 Graecorum
961 3674 1064 3744 templis
1076 3674 1121 3729 fol.
1135 3675 1195 3730 101.
1210 3691 1273 3744 pro-

171 3737 298 3808 indeque,
316 3739 338 3792 si
354 3757 404 3793 non
417 3755 503 3793 eorum
515 3756 617 3796 munere
628 3743 758 3812 fungitur,
776 3757 840 3799 snae
852 3742 940 3795 saltem
954 3742 1113 3813 dispositioni
1125 3750 1197 3796 tenet
1209 3744 1273 3797 sub-

171 3807 255 3860 iectos
275 3807 320 3878 qui
339 3816 479 3878 sequuntur
494 3810 521 3862 in
542 3810 686 3867 Alistianis.
719 3808 735 3866 d
754 3809 893 3880 πρύξιμος
909 3807 1009 3878 ὁρίζει,
1026 3811 1076 3866 καλ
1092 3813 1274 3882 σημαίνουσιν

172 3869 204 3930 ἐν
221 3877 265 3950 αφ’
278 3879 370 3949 καιρῷ
385 3879 434 3946 τῆς
449 3878 614 3948 ψαλμῳδίας
633 3877 669 3934 ἐν,
679 3880 715 3949 τῇ
731 3882 871 3951 καθολικῇ
895 3877 1035 3948 ἐκκλησίᾳ.
1070 3878 1273 3950 ὁκασαχοριύ-
1389 3887 1390 3950 i

172 3964 222 4016 ρης
239 3947 319 4015 (alias
337 3943 541 4015 κατηχοριύρης
571 3951 729 4014 φιλοκαλῶν
745 3945 796 4019 τὴν
813 3943 975 4018 ἐκκλησίαν·
999 3947 1082 4004 ἅπτει
1102 3947 1135 4004 di
1155 3949 1204 4005 aori
1221 3947 1274 4014 τοὶς

174 4011 331 4086 κανδήλας,
356 4011 435 4084 piper
451 4009 484 4069 di
503 4032 541 4067 ιια
568 4014 705 4086 λαμπρόν.
741 4017 850 4087 (addunt
865 4017 930 4074 alia:
948 4012 1093 4088 ύπομνίζει
1108 4013 1160 4083 τὰς
1175 4013 1273 4090 tend·

173 4102 244 4153 μους
265 4077 363 4154 §vortit
383 4085 435 4139 τθῦ
462 4083 548 4152 ituri,
581 4085 630 4140 ivor
653 4085 799 4176 σχολοίσχ.)
845 4083 876 4142 οἱ
901 4084 1094 4157 λαμπαδοὶριοι
1123 4089 1276 4152 καθίζουσι
1388 4125 1389 4136 r

174 4154 256 4224 (alia:
278 4153 479 4222 καθαρίζονσι)
501 4147 553 4215 ταὶς
576 4151 739 4224 λαμπάδας,
755 4173 892 4212 απτονσιν
909 4154 939 4211 ἕν
956 4157 993 4210 τ’
1007 4152 1149 4232 ἐκκλησίᾳ.
1185 4154 1200 4212 ὁ
1221 4159 1275 4230 βα·

174 4219 337 4364 runo
360 4217 680 4367 ntro,
690 4219 837 4368 ta,
844 4220 946 4354 ι
957 4175 1276 4296 ³²³

418 4327 426 4346 a
1387 4325 1388 4352 λ
