2822 4684
485 319 531 388 nt
549 321 697 391 CODlNl
725 323 808 390 GAP.
839 321 882 390 Il.
1064 369 1066 377 ι
1091 323 1094 326 ’
1164 323 1236 394 177

134 485 235 537 tantam
251 481 309 536 loco
326 497 441 552 congrua
463 479 580 540 dicende.
615 482 768 540 domesticus
789 483 856 540 iden
883 483 942 539 olim
955 484 1000 556 qul
1017 486 1185 556 procurator,
1204 501 1236 540 ec

136 567 284 606 numerosae
312 552 422 604 familiae
446 552 579 622 totiusque
593 551 688 606 ⁴‹lonrne
719 571 804 607 curam
832 571 934 623 gerens.
980 552 1122 607 Simocatta
1148 556 1164 608 8
1186 555 1232 609 132
1269 569 1271 572 ·

135 615 294 687 ἀναιρεῖται
311 616 327 674 d
345 624 540 689 πραισεντῖνος
556 617 571 674 d
589 615 640 684 τοὶς
655 623 707 676 τοῦ
723 617 833 688 Πέτρου
850 622 1033 708 (στρατηγοῦ)
1053 617 1236 691 πεπιστευμέ-

135 707 185 751 νος
208 689 377 758 φροντίδας,
405 683 439 744 ὃν
460 685 624 757 ὃομὲστικον
650 687 768 744 εἰώθασι
786 689 921 762 Ῥωμαῖοι
944 693 1109 744 cannetalo.
1144 691 1187 744 hic
1208 691 1237 744 in

135 759 211 812 iidem
225 774 296 812 enam
309 759 451 812 communia
460 758 572 812 familiae
583 759 651 812 bona
670 759 816 831 recipitne
829 761 964 814 etiamnum
979 759 1055 812 hodie
1069 759 1097 811 in
1107 766 1237 814 monaste-

135 827 181 881 riis
211 822 336 888 πιστιοός
360 827 440 884 audit.
478 827 647 882 macharium
678 829 836 883 Artabasdue
870 829 935 896 aliua
967 829 1071 897 Copron
1091 827 1125 882 mi
1157 845 1238 898 gener

137 895 300 952 domesticum
315 899 518 966 (procuratorem
528 896 654 966 intellige)
670 897 737 966 apud
750 897 933 970 'theophanem
950 897 1041 950 elficit.
1073 845 1133 950 binc
1152 898 1238 951 cuiue-

116 965 202 1018 .libet
216 965 255 1018 rei
272 965 315 1018 vel
332 964 429 1018 ordinis
445 965 592 1035 praefectus
609 983 640 1020 ac
656 969 817 1104 praepositus
831 973 940 1021 vocatur
957 963 1108 1020 domesticus
1125 967 1239 1020 aGrae-

137 1034 192 1100 cis3
211 1033 244 1085 de
257 1050 308 1120 guo
326 1035 433 1086 loannes
450 1033 517 1086 Citri
534 1034 686 1122 episcopuae
735 1037 803 1089 τοῦ
819 1033 982 1106 donecdone
999 1029 1171 1102 προσηγορία
1187 1051 1239 1088 κα-

135 1097 176 1158 aci
194 1105 333 1164 Λατίνους
350 1097 401 1156 τᾶν
416 1096 584 1172 ἒξοίρχοντα,
602 1121 653 1158 τον
668 1101 895 1174 προηγούμενον,
910 1099 961 1158 τόν
977 1095 1128 1171 ἐπιστάτην
1145 1103 1239 1172 δηλοῖ.

138 1187 155 1227 a
172 1187 203 1224 re
220 1171 309 1241 itaque
324 1172 442 1225 familiari
459 1173 491 1224 ad
505 1172 616 1228 militiam
632 1174 757 1228 trandata
769 1191 821 1227 vox
838 1173 926 1230 ducem
943 1172 1071 1226 exercitus
1085 1187 1241 1244 supremum,

102 1241 121 1272 ’·
139 1245 168 1295 et
186 1246 217 1294 ut
232 1241 346 1310 loquitur
364 1241 494 1297 comnena
517 1239 656 1296 Alexiadoe
672 1245 704 1307 2,
728 1237 883 1311 στρατηγὸν,
909 1235 1120 1309 αὐτοκράτορα,
1142 1241 1186 1294 vel
1210 1245 1242 1294 ut

137 1309 186 1363 alii
206 1311 362 1380 praelectum
383 1310 527 1382 praetorio,
549 1310 618 1379 quod
640 1311 762 1365 militares
785 1313 872 1382 copiae
893 1311 940 1366 aab
965 1309 1119 1380 inperatore
1134 1309 1242 1364 duceret

141 1378 358 1448 communiumque
385 1395 469 1433 rerum
489 1377 732 1436 administrationem
749 1381 783 1432 ab
801 1397 832 1434 eo
850 1380 898 1434 albi
915 1379 1113 1433 commendatam
1129 1383 1242 1442 teneret.

139 1447 274 1514 significat
308 1447 399 1501 eadem
416 1447 529 1502 occurrit
562 1449 652 1502 rimam
669 1449 737 1520 apud
754 1449 898 1504 cedrenum
907 1449 934 1502 in
946 1448 1106 1516 Theophilo,
1128 1449 1175 1501 sub
1188 1465 1240 1520 quo

139 1515 246 1570 Maouel
263 1517 393 1570 Romanas
408 1517 522 1586 legiones
540 1467 621 1583 ducit,
637 1518 814 1588 Theophobua
830 1519 973 1572 Persicame
995 1518 1038 1570 ille
1063 1534 1126 1570 vero
1151 1517 1241 1570 dome-

140 1584 218 1638 eliens
235 1602 295 1639 max
311 1586 466 1640 declarator.
499 1585 596 1654 legitor
612 1602 713 1656 quoque
730 1587 837 1656 primum
854 1588 922 1656 apud
938 1587 1122 1655 Theophanem
1132 1585 1164 1647 in
1186 1586 1241 1638 Mi-

141 1654 230 1708 cbaele
247 1655 369 1711 llmcabe
384 1651 469 1723 μέγας
485 1650 646 1722 deplorator
663 1656 808 1725 Theophila
825 1657 962 1725 antiquior.
995 1656 1023 1708 in
1039 1657 1116 1708 hene
1131 1663 1158 1708 et
1169 1655 1240 1708 Con-

143 1723 257 1776 stantino
279 1723 393 1777 cernitur
415 1723 541 1778 Antonine
564 1724 665 1792 quidam
690 1725 844 1778 domesticus
869 1741 925 1780 cum
942 1723 1092 1778 militaribus
1109 1722 1189 1794 copiis
1206 1723 1242 1777 ad

141 1790 236 1844 bellum
258 1793 364 1845 mieeusa
387 1786 406 1858 ἡ
435 1789 576 1862 βασίλισσα
592 1785 752 1845 ἀπέστειλεν
769 1787 820 1844 τὸν
833 1787 976 1846 ’Λντώνιον
991 1787 1043 1845 cde
1058 1795 1119 1853 τοὶς
1135 1788 1240 1860 τάγμα-

141 1874 198 1913 σιν.
233 1860 358 1913 domnius
380 1859 446 1912 idem
470 1859 616 1927 πατρίκιος
636 1856 686 1912 καὶ
709 1851 870 1928 δομὲοτικος
885 1863 941 1914 τῶν
956 1861 1061 1944 σχολῶν
1078 1861 1198 1914 scribitur
1213 1860 1242 1914 in

144 1927 319 1997 (lepronymo.
354 1928 422 1980 unde
441 1927 549 2000 coniicio
566 1943 710 1998 supremum
727 1929 854 1982 exercitae
871 1931 980 1982 Romana
997 1929 1086 1982 ducem
1102 1929 1171 1982 circa
1188 1929 1242 1982 Go-

143 1997 262 2068 pronymi
282 2001 392 2051 eemtem
408 1996 589 2060 domesticum,
615 2014 646 2049 ac
668 1998 746 2066 paulo
770 2005 830 2068 poet
846 1999 929 2066 magei
945 1998 1041 2051 bonore
1058 1997 1175 2050 adiuncto
1192 2013 1242 2050 vo-

144 2071 244 2130 catum,
261 2066 306 2135 qui
322 2065 393 2135 prius
408 2063 561 2136 στρατηγός
577 2066 670 2134 ubique
687 2067 819 2120 audiebata
836 2068 921 2120 fatear
936 2067 999 2119 licet
1013 2065 1171 2119 aliaiterum
1182 2065 1241 2118 vice

143 2133 310 2188 domesticum
339 2139 441 2188 exstare
466 2135 493 2187 in
521 2134 661 2187 Iustiniana
683 2138 713 2199 2,
737 2141 766 2188 at
788 2151 840 2188 non
863 2135 990 2188 exercitus
1014 2134 1060 2188 aed
1081 2130 1241 2202 στρατόριον

144 2205 294 2272 equisonum
311 2203 444 2257 celebrari.
478 2202 533 2256 eius
550 2204 630 2272 igitur
648 2210 688 2256 eet
704 2203 842 2257 exercitum
862 2205 987 2272 educere,
1014 2210 1042 2256 et
1057 2203 1117 2256 belii
1132 2220 1175 2256 ree
1193 2217 1242 2258 cn-

145 2289 217 2326 rare.
252 2278 390 2342 eapropter
401 2333 402 2336 ρ
413 2271 525 2324 Michael
548 2272 719 2341 Palaeologua
735 2273 836 2326 Ioannis
853 2273 946 2342 angeli
964 2274 1067 2326 tratrem
1084 2267 1171 2342 μέγαν
1185 2290 1240 2342 χει-

143 2335 1242 2470 tantalizat‘tttttttttltttt“⁹“⁶⁰ttttt⁵atlt³t

144 2429 465 2548 inapelpad'ebippoctue
481 2474 649 2560 πραγμάτων
667 2479 701 2532 ab
725 2428 1020 2540 euenienmeadrituu
1044 2428 1116 2532 cirine
1139 2479 1241 2549 quidem

144 2563 177 2599 ac
201 2547 330 2616 amplioris
354 2548 430 2600 etiam
450 2561 561 2600 muneris
585 2547 782 2619 descriptionem
805 2547 922 2604 exhibuit
945 2549 1154 2615 omnemne,
1182 2549 1241 2618 ipae

145 2631 253 2684 magnus
269 2615 437 2681 domesticus,
452 2616 471 2671 2
487 2617 514 2670 5.
768 2639 770 2647 ⁴
1083 2631 1088 2646 ¹

231 2743 260 2800 p.
275 2724 297 2784 7
310 2739 336 2780 v.
352 2723 400 2786 16.
436 2720 736 2804 Panhypersebastus]
759 2723 844 2782 etiarn
864 2723 918 2784 hoc
940 2715 1057 2800 α’ξίοομα
1072 2718 1124 2784 οιαὶ
1144 2713 1243 2800 ὄνομα

146 2811 192 2864 est
204 2804 293 2864 Alexii
306 2807 443 2866 Comneni
456 2810 587 2887 ποίημα,
609 2810 659 2886 qui
678 2809 708 2867 in
722 2808 771 2868 bis
791 2808 982 2886 excogitandis
1001 2807 1136 2866 fecundus
1157 2812 1186 2864 et
1199 2808 1243 2866 fa-

146 2893 255 2950 cundus
267 2893 329 2951 init.
349 2892 413 2950 vide
435 2893 575 2952 Zonaram
589 2893 621 2952 in
642 2892 741 2953 Alexio
756 2895 914 2954 comnena
940 2893 993 2951 sed
1012 2897 1046 2951 ut
1064 2891 1109 2950 hic
1131 2891 1242 2968 dicitur,

146 2976 201 3034 istc
214 2977 508 3056 panhypersebastus‚
528 2979 602 3038 ultra
617 2997 701 3055 quem
713 2980 828 3039 ambitio
843 2979 976 3060 progredi
992 2993 1050 3038 nou
1067 2995 1152 3057 posse
1164 2977 1243 3036 vide-

146 3061 247 3140 batur,
274 3063 379 3123 invenit
403 3064 585 3140 sequentibus
610 3067 691 3124 annis
720 3084 816 3144 parem
845 3063 979 3124 Ioannem
1005 3064 1244 3138 Cantacuzenum,

76 3168 78 3173 ·
146 3165 282 3222 magnum
296 3148 495 3226 domesticum,
517 3156 548 3208 et
563 3150 647 3227 paulo
663 3156 729 3228 post
748 3151 881 3212 maiorem
901 3169 934 3208 ac
954 3149 1138 3227 superiorem,
1157 3153 1190 3206 ut
1212 3152 1243 3205 ct

146 3233 400 3310 protovestiariuna
418 3235 460 3292 ita
473 3253 524 3292 ceu
536 3235 592 3311 pila
605 3234 739 3293 ludebant
751 3237 798 3294 isti
812 3241 841 3292 et
850 3234 933 3293 rebus
946 3241 977 3292 et
989 3232 1146 3292 nominibus
1156 3233 1242 3289 ruodo

147 3317 178 3373 in
194 3315 282 3374 altum
294 3316 374 3376 elatis
388 3320 473 3378 modo
487 3319 617 3378 deorsum
631 3320 743 3397 pressis,
784 3313 960 3378 Andronicis
979 3319 1073 3376 senior
1086 3318 1243 3396 ‘imperator

147 3399 285 3460 Ioamrem
311 3408 442 3482 nepotem
468 3422 550 3462 suum
576 3403 831 3484 panhypersebasti
856 3405 993 3480 dignitate
1021 3403 1156 3460 decorans
1184 3421 1242 3460 οαοι

148 3485 227 3561 longe
241 3491 419 3562 οαςαιίίοταο
432 3487 520 3566 effecit
535 3497 706 3567 poemenen
715 3490 821 3567 fuerit,
838 3492 963 3548 concessis
976 3491 1135 3548 ontimente'e
1147 3487 1244 3546 calceis

148 3577 176 3630 ct
188 3573 251 3648 eqni
263 3576 419 3632 commentis
433 3574 500 3634 lutei
511 3575 613 3646 cebris,
628 3580 660 3632 ut
672 3578 740 3633 inter
750 3577 943 3652 imperatoriam
956 3572 1117 3632 nobilitatem
1129 3576 1243 3632 numme

148 3656 265 3715 illustris
279 3663 361 3734 esso,
382 3663 416 3715 ut
429 3659 469 3720 ait
481 3659 622 3736 Gregoras
635 3658 653 3717 l.
664 3660 693 3720 7.
714 3664 747 3717 ut
763 3664 857 3718 autem
874 3677 944 3717 uxor
958 3659 1095 3736 despotae
1107 3656 1243 3736 ιίοηιοοοο,
1281 3685 1286 3712 ι

149 3741 281 3799 Caesaris
301 3741 470 3824 Caesarisse,
498 3744 728 3804 sebastocratoris
749 3745 992 3804 sebastonutora'sen
1008 3743 1083 3802 dicta
1102 3748 1147 3802 est
1165 3740 1243 3822 (vide

149 3847 173 3885 c.
187 3827 238 3885 ult.
253 3825 385 3907 codini),
403 3829 444 3892 ita
453 3849 524 3888 uxor
533 3829 784 3908 panhypersebasti
792 3829 1035 3907 panlypereebaetn
1048 3827 1149 3899 audiit;
1172 3845 1243 3902 qna-

147 3909 183 3970 lis
196 3914 273 3990 apud
287 3912 442 3990 Gregcram
456 3914 474 3974 l.
489 3915 510 3977 3
522 3915 581 3973 iilia
594 3915 737 3976 Theodori
751 3915 937 3994 Metochitae‚
959 3913 1135 3974 matrimonio
1147 3912 1244 3969 iuncta
1317 3943 1323 3948 -

145 3999 291 4078 praedicto
307 3999 406 4059 loanni
416 4000 682 4082 panbyperscbasto.
1208 4022 1211 4031 ¹
1280 4031 1282 4034 ·

214 4107 248 4168 Ὀ
268 4109 537 4185 πανοπερσὲβαοτος]
570 4113 603 4169 de
630 4114 701 4168 cuiue
728 4113 853 4184 dignitate
876 4116 909 4169 ab
931 4112 1022 4168 Alexio
1051 4109 1180 4164 Comneno
1202 4105 1243 4160 in-

150 4184 229 4234 venta
245 4188 347 4250 praeter
363 4183 490 4238 Zonaram
516 4185 580 4238 haee
602 4184 675 4240 Anna
696 4183 764 4237 filiae
797 4179 857 4239 κατ’
881 4179 971 4238 ἐκεῖνο
995 4179 1029 4235 db
1049 4177 1151 4244 καιροῦ
1171 4176 1243 4229 τετί-

149 4267 239 4318 μηται
271 4248 320 4302 καί
341 4245 358 4303 ὁ
392 4253 566 4322 Ταραντίνης
580 4251 641 4313 lani
668 4248 791 4340 pnpdode
820 4247 862 4305 ἐπ’
891 4247 1001 4320 cideiapp‘
1031 4247 1083 4301 roei
1112 4241 1242 4316 βασιλέως

150 4314 378 4390 προτοοέβαοτός
398 4338 428 4374 τι
449 4319 499 4378 καί
518 4322 777 4396 προτοβιστιαριος.
810 4316 868 4390 μετ’
884 4315 921 4376 oti
941 4313 1014 4374 notai
1037 4311 1071 4372 di
1088 4310 1138 4371 ael
1152 4330 1241 4370 πανο-

196 4396 287 4452 Code'n.
308 4398 456 4468 Guropolet.
479 4401 511 4457 dc
533 4403 609 4472 offic.
925 4398 930 4406 ’
998 4393 1037 4454 12
