<?xml version="1.0" encoding="UTF-8"?>
<!DOCTYPE html PUBLIC "-//W3C//DTD XHTML 1.0 Transitional//EN"
    "http://www.w3.org/TR/xhtml1/DTD/xhtml1-transitional.dtd">
<html xmlns="http://www.w3.org/1999/xhtml" xml:lang="en" lang="en">
 <head>
  <title>
</title>
<meta http-equiv="Content-Type" content="text/html;charset=utf-8" />
  <meta name='ocr-system' content='tesseract 3.04.00' />
  <meta name='ocr-capabilities' content='ocr_page ocr_carea ocr_par ocr_line ocrx_word'/>
</head>
<body>
  <div class='ocr_page' id='page_1' title='image "./deofficialibusp00bekkgoog/deofficialibusp00bekkgoog_0359.png"; bbox 0 0 2798 4690; ppageno 0'>
   <div class='ocr_carea' id='block_1_1' title="bbox 479 285 1247 388">
    <p class='ocr_par' dir='ltr' id='par_1_1' title="bbox 479 269 1247 388">
     <span class='ocr_line' id='line_1_1' title="bbox 479 285 1247 388; baseline 0.005 -32"><span class='ocrx_word' id='word_1_1' title='bbox 479 285 526 356; x_wconf 86' lang='lat' dir='ltr'><strong>ru</strong></span> <span class='ocrx_word' id='word_1_2' title='bbox 550 287 698 388; x_wconf 83' lang='lat' dir='ltr'><strong>conrur</strong></span> <span class='ocrx_word' id='word_1_3' title='bbox 719 287 803 355; x_wconf 79' lang='lat' dir='ltr'><strong>cur.</strong></span> <span class='ocrx_word' id='word_1_4' title='bbox 826 289 905 356; x_wconf 85' lang='lat' dir='ltr'><strong>xv.</strong></span> <span class='ocrx_word' id='word_1_5' title='bbox 1173 287 1247 362; x_wconf 76' lang='lat' dir='ltr'><strong>scs</strong></span> 
     </span>
    </p>
   </div>
   <div class='ocr_carea' id='block_1_2' title="bbox 134 445 1242 2225">
    <p class='ocr_par' dir='ltr' id='par_1_2' title="bbox 134 445 1242 2225">
     <span class='ocr_line' id='line_1_2' title="bbox 141 445 1242 530; baseline 0.004 -22"><span class='ocrx_word' id='word_1_6' title='bbox 141 449 217 508; x_wconf 86' lang='lat' dir='ltr'><strong>sueni</strong></span> <span class='ocrx_word' id='word_1_7' title='bbox 236 453 265 508; x_wconf 91' lang='lat' dir='ltr'><strong>et</strong></span> <span class='ocrx_word' id='word_1_8' title='bbox 286 445 417 508; x_wconf 76' lang='lat' dir='ltr'>Andreae</span> <span class='ocrx_word' id='word_1_9' title='bbox 436 447 588 508; x_wconf 79' lang='lat' dir='ltr'><strong>Cretensis.</strong></span> <span class='ocrx_word' id='word_1_10' title='bbox 631 453 769 508; x_wconf 84' lang='lat' dir='ltr'><strong>mortuam</strong></span> <span class='ocrx_word' id='word_1_11' title='bbox 788 468 856 527; x_wconf 88' lang='lat' dir='ltr'><strong>ergo</strong></span> <span class='ocrx_word' id='word_1_12' title='bbox 875 449 975 510; x_wconf 90' lang='lat' dir='ltr'><strong>volunt</strong></span> <span class='ocrx_word' id='word_1_13' title='bbox 991 449 1030 513; x_wconf 88' lang='lat'><strong>15</strong></span> <span class='ocrx_word' id='word_1_14' title='bbox 1045 451 1091 510; x_wconf 88' lang='lat' dir='ltr'><strong>die</strong></span> <span class='ocrx_word' id='word_1_15' title='bbox 1104 448 1242 530; x_wconf 82' lang='lat' dir='ltr'><strong>Angusti;</strong></span> 
     </span>
     <span class='ocr_line' id='line_1_3' title="bbox 142 535 1241 616; baseline 0.004 -23"><span class='ocrx_word' id='word_1_16' title='bbox 142 536 307 609; x_wconf 82' lang='lat' dir='ltr'><strong>adduntque</strong></span> <span class='ocrx_word' id='word_1_17' title='bbox 323 535 422 593; x_wconf 87' lang='lat' dir='ltr'><strong>eodem</strong></span> <span class='ocrx_word' id='word_1_18' title='bbox 442 535 488 592; x_wconf 88' lang='lat' dir='ltr'><strong>die</strong></span> <span class='ocrx_word' id='word_1_19' title='bbox 507 535 690 593; x_wconf 79' lang='lat' dir='ltr'><strong>resurrexisse</strong></span> <span class='ocrx_word' id='word_1_20' title='bbox 711 540 741 593; x_wconf 89' lang='lat' dir='ltr'><strong>et</strong></span> <span class='ocrx_word' id='word_1_21' title='bbox 755 535 848 594; x_wconf 89' lang='lat' dir='ltr'><strong>animo</strong></span> <span class='ocrx_word' id='word_1_22' title='bbox 868 536 950 593; x_wconf 88' lang='lat' dir='ltr'><strong>sirnul</strong></span> <span class='ocrx_word' id='word_1_23' title='bbox 971 543 1000 594; x_wconf 91' lang='lat' dir='ltr'><strong>et</strong></span> <span class='ocrx_word' id='word_1_24' title='bbox 1010 556 1125 616; x_wconf 89' lang='lat' dir='ltr'><strong>corpore</strong></span> <span class='ocrx_word' id='word_1_25' title='bbox 1135 540 1164 596; x_wconf 89' lang='lat' dir='ltr'><strong>in</strong></span> <span class='ocrx_word' id='word_1_26' title='bbox 1177 558 1241 597; x_wconf 81' lang='lat' dir='ltr'><strong>cae-</strong></span> 
     </span>
     <span class='ocr_line' id='line_1_4' title="bbox 141 620 1239 699; baseline 0.007 -23"><span class='ocrx_word' id='word_1_27' title='bbox 141 620 199 677; x_wconf 90' lang='lat' dir='ltr'><strong>lum</strong></span> <span class='ocrx_word' id='word_1_28' title='bbox 216 625 389 699; x_wconf 79' lang='lat' dir='ltr'><strong>assumptam</strong></span> <span class='ocrx_word' id='word_1_29' title='bbox 409 637 479 679; x_wconf 87' lang='lat' dir='ltr'><strong>esse.</strong></span> <span class='ocrx_word' id='word_1_30' title='bbox 521 637 609 696; x_wconf 85' lang='lat' dir='ltr'><strong>qnare</strong></span> <span class='ocrx_word' id='word_1_31' title='bbox 628 624 696 698; x_wconf 90' lang='lat' dir='ltr'><strong>post</strong></span> <span class='ocrx_word' id='word_1_32' title='bbox 713 620 904 699; x_wconf 89' lang='lat' dir='ltr'><strong>supradictum</strong></span> <span class='ocrx_word' id='word_1_33' title='bbox 915 620 952 680; x_wconf 86' lang='lat' dir='ltr'><strong>de</strong></span> <span class='ocrx_word' id='word_1_34' title='bbox 962 621 1113 682; x_wconf 83' lang='lat' dir='ltr'><strong>dormitione</strong></span> <span class='ocrx_word' id='word_1_35' title='bbox 1126 623 1239 684; x_wconf 91' lang='lat' dir='ltr'><strong>titulum</strong></span> 
     </span>
     <span class='ocr_line' id='line_1_5' title="bbox 142 698 1239 790; baseline 0.008 -28"><span class='ocrx_word' id='word_1_36' title='bbox 142 704 315 782; x_wconf 83' lang='lat' dir='ltr'><strong>subiungant</strong></span> <span class='ocrx_word' id='word_1_37' title='bbox 342 702 477 764; x_wconf 60' lang='lat' dir='ltr'><strong>Menace:</strong></span> <span class='ocrx_word' id='word_1_38' title='bbox 509 709 553 788; x_wconf 68' lang='grc' dir='ltr'><strong>τῷ</strong></span> <span class='ocrx_word' id='word_1_39' title='bbox 581 699 662 786; x_wconf 75' lang='grc' dir='ltr'><strong>αὐτῷ</strong></span> <span class='ocrx_word' id='word_1_40' title='bbox 688 707 762 783; x_wconf 76' lang='grc' dir='ltr'><strong>μηνὶ</strong></span> <span class='ocrx_word' id='word_1_41' title='bbox 790 698 1038 790; x_wconf 76' lang='grc' dir='ltr'><strong><em>πεντεκαιδεκάτῃ</em></strong></span> <span class='ocrx_word' id='word_1_42' title='bbox 1054 703 1077 785; x_wconf 70' lang='grc' dir='ltr'><strong>η’</strong></span> <span class='ocrx_word' id='word_1_43' title='bbox 1092 710 1239 787; x_wconf 85' lang='grc' dir='ltr'><strong><em>σεβασμία</em></strong></span> 
     </span>
     <span class='ocr_line' id='line_1_6' title="bbox 142 781 1240 870; baseline 0.004 -20"><span class='ocrx_word' id='word_1_44' title='bbox 142 783 388 870; x_wconf 60' lang='lat' dir='ltr'><strong>perdormiscin</strong></span> <span class='ocrx_word' id='word_1_45' title='bbox 417 781 619 870; x_wconf 76' lang='grc' dir='ltr'><strong><em>ὖαερενδόξοα</em></strong></span> <span class='ocrx_word' id='word_1_46' title='bbox 641 789 800 869; x_wconf 68' lang='lat' dir='ltr'><strong>dermatius</strong></span> <span class='ocrx_word' id='word_1_47' title='bbox 819 788 906 868; x_wconf 69' lang='grc' dir='ltr'><strong>ἡμῶν</strong></span> <span class='ocrx_word' id='word_1_48' title='bbox 932 784 1075 852; x_wconf 76' lang='grc' dir='ltr'><strong><em>θεοτὸκοα</em></strong></span> <span class='ocrx_word' id='word_1_49' title='bbox 1096 791 1148 854; x_wconf 78' lang='grc' dir='ltr'><strong>καὶ</strong></span> <span class='ocrx_word' id='word_1_50' title='bbox 1176 788 1240 854; x_wconf 81' lang='lat' dir='ltr'><strong>cier-</strong></span> 
     </span>
     <span class='ocr_line' id='line_1_7' title="bbox 141 873 1238 956; baseline -0.001 -21"><span class='ocrx_word' id='word_1_51' title='bbox 141 873 298 956; x_wconf 80' lang='grc' dir='ltr'><strong><em>παρθένου</em></strong></span> <span class='ocrx_word' id='word_1_52' title='bbox 317 873 452 954; x_wconf 80' lang='grc' dir='ltr'><strong><em>Μαρίας.</em></strong></span> <span class='ocrx_word' id='word_1_53' title='bbox 494 875 591 933; x_wconf 84' lang='lat' dir='ltr'><strong>eodem</strong></span> <span class='ocrx_word' id='word_1_54' title='bbox 614 893 683 950; x_wconf 89' lang='lat' dir='ltr'><strong>ergo</strong></span> <span class='ocrx_word' id='word_1_55' title='bbox 704 875 750 932; x_wconf 90' lang='lat' dir='ltr'><strong>die</strong></span> <span class='ocrx_word' id='word_1_56' title='bbox 770 880 800 932; x_wconf 88' lang='lat' dir='ltr'><strong>et</strong></span> <span class='ocrx_word' id='word_1_57' title='bbox 818 874 887 934; x_wconf 92' lang='lat' dir='ltr'><strong>obiit</strong></span> <span class='ocrx_word' id='word_1_58' title='bbox 907 880 936 934; x_wconf 91' lang='lat' dir='ltr'><strong>et</strong></span> <span class='ocrx_word' id='word_1_59' title='bbox 954 875 1101 953; x_wconf 85' lang='lat' dir='ltr'><strong>adcaelos,</strong></span> <span class='ocrx_word' id='word_1_60' title='bbox 1121 878 1238 940; x_wconf 80' lang='lat' dir='ltr'><strong>reducta</strong></span> 
     </span>
     <span class='ocr_line' id='line_1_8' title="bbox 134 956 1238 1039; baseline 0.003 -23"><span class='ocrx_word' id='word_1_61' title='bbox 134 959 170 1016; x_wconf 65' lang='lat' dir='ltr'><strong>rin</strong></span> <span class='ocrx_word' id='word_1_62' title='bbox 197 977 301 1038; x_wconf 85' lang='lat' dir='ltr'><strong>corpus</strong></span> <span class='ocrx_word' id='word_1_63' title='bbox 324 957 433 1034; x_wconf 87' lang='lat' dir='ltr'><strong>anima,</strong></span> <span class='ocrx_word' id='word_1_64' title='bbox 466 956 535 1016; x_wconf 89' lang='lat' dir='ltr'><strong>abiit</strong></span> <span class='ocrx_word' id='word_1_65' title='bbox 562 959 737 1018; x_wconf 88' lang='lat' dir='ltr'><strong>sanctissima</strong></span> <span class='ocrx_word' id='word_1_66' title='bbox 761 960 883 1039; x_wconf 86' lang='lat' dir='ltr'><strong>deipara</strong></span> <span class='ocrx_word' id='word_1_67' title='bbox 927 961 1005 1036; x_wconf 89' lang='lat' dir='ltr'><strong>quod</strong></span> <span class='ocrx_word' id='word_1_68' title='bbox 1030 961 1113 1019; x_wconf 87' lang='lat' dir='ltr'><strong>etiam</strong></span> <span class='ocrx_word' id='word_1_69' title='bbox 1132 960 1238 1026; x_wconf 88' lang='lat' dir='ltr'><strong>Latina</strong></span> 
     </span>
     <span class='ocr_line' id='line_1_9' title="bbox 141 1043 1237 1124; baseline 0.005 -22"><span class='ocrx_word' id='word_1_70' title='bbox 141 1043 258 1102; x_wconf 86' lang='lat' dir='ltr'><strong>ecclesia</strong></span> <span class='ocrx_word' id='word_1_71' title='bbox 276 1043 379 1100; x_wconf 86' lang='lat' dir='ltr'><strong>sentire</strong></span> <span class='ocrx_word' id='word_1_72' title='bbox 399 1043 524 1121; x_wconf 78' lang='lat' dir='ltr'><strong>videar,</strong></span> <span class='ocrx_word' id='word_1_73' title='bbox 545 1062 617 1120; x_wconf 88' lang='lat' dir='ltr'><strong>quae</strong></span> <span class='ocrx_word' id='word_1_74' title='bbox 632 1043 677 1102; x_wconf 92' lang='lat' dir='ltr'><strong>die</strong></span> <span class='ocrx_word' id='word_1_75' title='bbox 699 1044 739 1109; x_wconf 89' lang='lat'><strong>15</strong></span> <span class='ocrx_word' id='word_1_76' title='bbox 755 1043 877 1122; x_wconf 81' lang='lat' dir='ltr'><strong>Augusti</strong></span> <span class='ocrx_word' id='word_1_77' title='bbox 899 1050 1097 1123; x_wconf 72' lang='lat' dir='ltr'><strong>assumptionem</strong></span> <span class='ocrx_word' id='word_1_78' title='bbox 1110 1045 1137 1104; x_wconf 92' lang='lat' dir='ltr'><strong>b.</strong></span> <span class='ocrx_word' id='word_1_79' title='bbox 1151 1047 1237 1124; x_wconf 56' lang='lat' dir='ltr'><strong>virgi⁴</strong></span> 
     </span>
     <span class='ocr_line' id='line_1_10' title="bbox 141 1127 1237 1207; baseline 0.004 -21"><span class='ocrx_word' id='word_1_80' title='bbox 141 1129 184 1186; x_wconf 89' lang='lat' dir='ltr'><strong>nis</strong></span> <span class='ocrx_word' id='word_1_81' title='bbox 199 1128 317 1186; x_wconf 87' lang='lat' dir='ltr'>solemni</span> <span class='ocrx_word' id='word_1_82' title='bbox 338 1127 509 1187; x_wconf 77' lang='lat' dir='ltr'><strong>caeremonia</strong></span> <span class='ocrx_word' id='word_1_83' title='bbox 528 1128 665 1207; x_wconf 86' lang='lat' dir='ltr'><strong>celebrat,</strong></span> <span class='ocrx_word' id='word_1_84' title='bbox 691 1132 804 1188; x_wconf 84' lang='lat' dir='ltr'><strong>tametsi</strong></span> <span class='ocrx_word' id='word_1_85' title='bbox 824 1129 1045 1206; x_wconf 72' lang='lat' dir='ltr'><strong>deducendum,</strong></span> <span class='ocrx_word' id='word_1_86' title='bbox 1073 1135 1167 1189; x_wconf 87' lang='lat' dir='ltr'><strong>utrum</strong></span> <span class='ocrx_word' id='word_1_87' title='bbox 1187 1151 1237 1190; x_wconf 84' lang='lat' dir='ltr'><strong>eo·</strong></span> 
     </span>
     <span class='ocr_line' id='line_1_11' title="bbox 142 1207 1238 1292; baseline 0.005 -22"><span class='ocrx_word' id='word_1_88' title='bbox 142 1215 206 1270; x_wconf 89' lang='lat' dir='ltr'><strong>dem</strong></span> <span class='ocrx_word' id='word_1_89' title='bbox 226 1212 272 1271; x_wconf 89' lang='lat' dir='ltr'><strong>die</strong></span> <span class='ocrx_word' id='word_1_90' title='bbox 292 1231 329 1270; x_wconf 88' lang='lat' dir='ltr'><strong>au</strong></span> <span class='ocrx_word' id='word_1_91' title='bbox 348 1212 445 1288; x_wconf 86' lang='lat' dir='ltr'><strong>aliquo</strong></span> <span class='ocrx_word' id='word_1_92' title='bbox 462 1215 647 1292; x_wconf 74' lang='lat' dir='ltr'>praecedente</span> <span class='ocrx_word' id='word_1_93' title='bbox 665 1215 812 1291; x_wconf 85' lang='lat' dir='ltr'><strong>acciderit,</strong></span> <span class='ocrx_word' id='word_1_94' title='bbox 832 1213 900 1272; x_wconf 80' lang='lat' dir='ltr'><strong>nihil</strong></span> <span class='ocrx_word' id='word_1_95' title='bbox 917 1207 1030 1274; x_wconf 81' lang='lat' dir='ltr'><strong>tradit&#39;</strong></span> <span class='ocrx_word' id='word_1_96' title='bbox 1054 1213 1150 1274; x_wconf 88' lang='lat' dir='ltr'><strong>Latini</strong></span> <span class='ocrx_word' id='word_1_97' title='bbox 1173 1217 1238 1292; x_wconf 86' lang='lat' dir='ltr'><strong>qui-</strong></span> 
     </span>
     <span class='ocr_line' id='line_1_12' title="bbox 142 1297 1238 1377; baseline 0.004 -21"><span class='ocrx_word' id='word_1_98' title='bbox 142 1299 206 1356; x_wconf 89' lang='lat' dir='ltr'><strong>dam</strong></span> <span class='ocrx_word' id='word_1_99' title='bbox 225 1297 420 1374; x_wconf 77' lang='lat' dir='ltr'><strong>martyrologi,</strong></span> <span class='ocrx_word' id='word_1_100' title='bbox 444 1303 477 1356; x_wconf 90' lang='lat' dir='ltr'><strong>ut</strong></span> <span class='ocrx_word' id='word_1_101' title='bbox 507 1297 621 1358; x_wconf 78' lang='lat' dir='ltr'><strong>Ado&#39;et</strong></span> <span class='ocrx_word' id='word_1_102' title='bbox 638 1299 801 1377; x_wconf 88' lang='lat' dir='ltr'><strong>Usuardus‚</strong></span> <span class='ocrx_word' id='word_1_103' title='bbox 828 1300 1021 1369; x_wconf 76' lang='lat' dir='ltr'><strong>dormitionem,</strong></span> <span class='ocrx_word' id='word_1_104' title='bbox 1050 1318 1109 1358; x_wconf 90' lang='lat' dir='ltr'><strong>uon</strong></span> <span class='ocrx_word' id='word_1_105' title='bbox 1129 1319 1238 1360; x_wconf 81' lang='lat' dir='ltr'><strong>assum-</strong></span> 
     </span>
     <span class='ocr_line' id='line_1_13' title="bbox 138 1382 1235 1460; baseline 0.002 -18"><span class='ocrx_word' id='word_1_106' title='bbox 138 1388 251 1460; x_wconf 84' lang='lat' dir='ltr'><strong>ptionem</strong></span> <span class='ocrx_word' id='word_1_107' title='bbox 270 1382 438 1460; x_wconf 78' lang='lat' dir='ltr'><strong>indigitant3</strong></span> <span class='ocrx_word' id='word_1_108' title='bbox 463 1383 542 1443; x_wconf 87' lang='lat' dir='ltr'><strong>cuius</strong></span> <span class='ocrx_word' id='word_1_109' title='bbox 569 1403 653 1443; x_wconf 88' lang='lat' dir='ltr'><strong>eausa</strong></span> <span class='ocrx_word' id='word_1_110' title='bbox 681 1386 782 1443; x_wconf 89' lang='lat' dir='ltr'><strong>aeriter</strong></span> <span class='ocrx_word' id='word_1_111' title='bbox 804 1384 833 1443; x_wconf 89' lang='lat' dir='ltr'><strong>in</strong></span> <span class='ocrx_word' id='word_1_112' title='bbox 859 1384 920 1442; x_wconf 90' lang='lat' dir='ltr'><strong>illos</strong></span> <span class='ocrx_word' id='word_1_113' title='bbox 950 1384 1070 1460; x_wconf 80' lang='lat' dir='ltr'><strong>insurgit</strong></span> <span class='ocrx_word' id='word_1_114' title='bbox 1096 1383 1235 1444; x_wconf 87' lang='lat' dir='ltr'><strong>Beronius</strong></span> 
     </span>
     <span class='ocr_line' id='line_1_14' title="bbox 134 1465 1234 1547; baseline 0.004 -23"><span class='ocrx_word' id='word_1_115' title='bbox 134 1479 214 1524; x_wconf 85' lang='lat' dir='ltr'><strong>&#39;armo</strong></span> <span class='ocrx_word' id='word_1_116' title='bbox 234 1467 420 1546; x_wconf 85' lang='lat' dir='ltr'><strong>redemptoris</strong></span> <span class='ocrx_word' id='word_1_117' title='bbox 446 1465 504 1545; x_wconf 80' lang='lat'><strong>48,</strong></span> <span class='ocrx_word' id='word_1_118' title='bbox 541 1486 646 1546; x_wconf 86' lang='lat' dir='ltr'><strong>eosque</strong></span> <span class='ocrx_word' id='word_1_119' title='bbox 675 1473 811 1547; x_wconf 89' lang='lat' dir='ltr'><strong>provocat</strong></span> <span class='ocrx_word' id='word_1_120' title='bbox 834 1471 871 1527; x_wconf 89' lang='lat' dir='ltr'><strong>ad</strong></span> <span class='ocrx_word' id='word_1_121' title='bbox 894 1469 1087 1546; x_wconf 85' lang='lat' dir='ltr'><strong>antiquissima</strong></span> <span class='ocrx_word' id='word_1_122' title='bbox 1112 1468 1234 1528; x_wconf 90' lang='lat' dir='ltr'><strong>Romani</strong></span> 
     </span>
     <span class='ocr_line' id='line_1_15' title="bbox 139 1548 1234 1632; baseline 0.002 -22"><span class='ocrx_word' id='word_1_123' title='bbox 139 1551 329 1630; x_wconf 86' lang='lat' dir='ltr'><strong>martyrologii</strong></span> <span class='ocrx_word' id='word_1_124' title='bbox 344 1553 481 1630; x_wconf 86' lang='lat' dir='ltr'><strong>vestigia,</strong></span> <span class='ocrx_word' id='word_1_125' title='bbox 506 1551 554 1610; x_wconf 90' lang='lat' dir='ltr'><strong>ubi</strong></span> <span class='ocrx_word' id='word_1_126' title='bbox 568 1573 628 1612; x_wconf 87' lang='lat' dir='ltr'><strong>non</strong></span> <span class='ocrx_word' id='word_1_127' title='bbox 647 1554 770 1612; x_wconf 82' lang='lat' dir='ltr'><strong>dormitio</strong></span> <span class='ocrx_word' id='word_1_128' title='bbox 789 1554 840 1611; x_wconf 82' lang='lat' dir='ltr'><strong>sed</strong></span> <span class='ocrx_word' id='word_1_129' title='bbox 859 1557 1002 1631; x_wconf 75' lang='lat' dir='ltr'><strong>assumptio</strong></span> <span class='ocrx_word' id='word_1_130' title='bbox 1022 1553 1142 1632; x_wconf 85' lang='lat' dir='ltr'><strong>legatur.</strong></span> <span class='ocrx_word' id='word_1_131' title='bbox 1184 1548 1234 1612; x_wconf 83' lang='lat' dir='ltr'><strong>ve-</strong></span> 
     </span>
     <span class='ocr_line' id='line_1_16' title="bbox 139 1636 1234 1719; baseline -0.001 -22"><span class='ocrx_word' id='word_1_132' title='bbox 139 1637 216 1697; x_wconf 88' lang='lat' dir='ltr'><strong>niam</strong></span> <span class='ocrx_word' id='word_1_133' title='bbox 234 1638 283 1695; x_wconf 86' lang='lat' dir='ltr'><strong>det</strong></span> <span class='ocrx_word' id='word_1_134' title='bbox 303 1654 421 1714; x_wconf 85' lang='lat' dir='ltr'><strong>magnus</strong></span> <span class='ocrx_word' id='word_1_135' title='bbox 441 1636 591 1696; x_wconf 81' lang='lat' dir='ltr'><strong>Annalium</strong></span> <span class='ocrx_word' id='word_1_136' title='bbox 612 1638 755 1715; x_wconf 89' lang='lat' dir='ltr'><strong>conditor,</strong></span> <span class='ocrx_word' id='word_1_137' title='bbox 785 1638 810 1694; x_wconf 90' lang='lat' dir='ltr'><strong>si</strong></span> <span class='ocrx_word' id='word_1_138' title='bbox 831 1637 899 1712; x_wconf 88' lang='lat' dir='ltr'><strong>quid</strong></span> <span class='ocrx_word' id='word_1_139' title='bbox 919 1638 1014 1696; x_wconf 80' lang='lat' dir='ltr'><strong>dixero</strong></span> <span class='ocrx_word' id='word_1_140' title='bbox 1030 1658 1081 1715; x_wconf 92' lang='lat' dir='ltr'><strong>pro</strong></span> <span class='ocrx_word' id='word_1_141' title='bbox 1102 1639 1234 1719; x_wconf 86' lang='lat' dir='ltr'><strong>supradi-</strong></span> 
     </span>
     <span class='ocr_line' id='line_1_17' title="bbox 139 1721 1235 1798; baseline 0.002 -18"><span class='ocrx_word' id='word_1_142' title='bbox 139 1723 191 1780; x_wconf 89' lang='lat' dir='ltr'><strong>ctis</strong></span> <span class='ocrx_word' id='word_1_143' title='bbox 208 1722 410 1798; x_wconf 85' lang='lat' dir='ltr'><strong>martyrologis.</strong></span> <span class='ocrx_word' id='word_1_144' title='bbox 452 1721 610 1780; x_wconf 70' lang='lat' dir='ltr'><strong>Romarm</strong></span> <span class='ocrx_word' id='word_1_145' title='bbox 629 1721 857 1798; x_wconf 80' lang='lat' dir='ltr'><strong>martyrologium</strong></span> <span class='ocrx_word' id='word_1_146' title='bbox 878 1722 1000 1779; x_wconf 90' lang='lat' dir='ltr'><strong>omnium</strong></span> <span class='ocrx_word' id='word_1_147' title='bbox 1019 1722 1135 1780; x_wconf 89' lang='lat' dir='ltr'><strong>aliorum</strong></span> <span class='ocrx_word' id='word_1_148' title='bbox 1150 1729 1235 1782; x_wconf 88' lang='lat' dir='ltr'><strong>vetu-</strong></span> 
     </span>
     <span class='ocr_line' id='line_1_18' title="bbox 140 1807 1235 1885; baseline 0.001 -20"><span class='ocrx_word' id='word_1_149' title='bbox 140 1807 308 1882; x_wconf 87' lang='lat' dir='ltr'><strong>stissimum,</strong></span> <span class='ocrx_word' id='word_1_150' title='bbox 336 1825 421 1884; x_wconf 86' lang='lat' dir='ltr'>saepe</span> <span class='ocrx_word' id='word_1_151' title='bbox 441 1825 460 1864; x_wconf 85' lang='lat' dir='ltr'><strong>a</strong></span> <span class='ocrx_word' id='word_1_152' title='bbox 483 1807 605 1865; x_wconf 89' lang='lat' dir='ltr'><strong>Barouio</strong></span> <span class='ocrx_word' id='word_1_153' title='bbox 629 1807 818 1866; x_wconf 87' lang='lat' dir='ltr'><strong>desideratum</strong></span> <span class='ocrx_word' id='word_1_154' title='bbox 846 1807 898 1864; x_wconf 91' lang='lat' dir='ltr'><strong>sed</strong></span> <span class='ocrx_word' id='word_1_155' title='bbox 923 1807 1051 1884; x_wconf 83' lang='lat' dir='ltr'><strong>nuspiam</strong></span> <span class='ocrx_word' id='word_1_156' title='bbox 1078 1813 1235 1885; x_wconf 87' lang='lat' dir='ltr'><strong>repertum,</strong></span> 
     </span>
     <span class='ocr_line' id='line_1_19' title="bbox 140 1890 1234 1969; baseline 0 -19"><span class='ocrx_word' id='word_1_157' title='bbox 140 1909 230 1969; x_wconf 88' lang='lat' dir='ltr'><strong>nuper</strong></span> <span class='ocrx_word' id='word_1_158' title='bbox 250 1891 361 1950; x_wconf 87' lang='lat' dir='ltr'><strong>demum</strong></span> <span class='ocrx_word' id='word_1_159' title='bbox 380 1892 475 1948; x_wconf 90' lang='lat' dir='ltr'><strong>studio</strong></span> <span class='ocrx_word' id='word_1_160' title='bbox 495 1890 636 1949; x_wconf 86' lang='lat' dir='ltr'><strong>Heriberti</strong></span> <span class='ocrx_word' id='word_1_161' title='bbox 655 1891 806 1968; x_wconf 83' lang='lat' dir='ltr'><strong>Rosweydi</strong></span> <span class='ocrx_word' id='word_1_162' title='bbox 819 1891 908 1950; x_wconf 85' lang='lat' dir='ltr'><strong>nostri</strong></span> <span class='ocrx_word' id='word_1_163' title='bbox 921 1891 1091 1968; x_wconf 88' lang='lat' dir='ltr'><strong>publicatum</strong></span> <span class='ocrx_word' id='word_1_164' title='bbox 1102 1898 1132 1950; x_wconf 91' lang='lat' dir='ltr'><strong>et</strong></span> <span class='ocrx_word' id='word_1_165' title='bbox 1142 1891 1234 1950; x_wconf 88' lang='lat' dir='ltr'><strong>Paulo</strong></span> 
     </span>
     <span class='ocr_line' id='line_1_20' title="bbox 140 1975 1234 2055; baseline 0.001 -21"><span class='ocrx_word' id='word_1_166' title='bbox 140 1977 166 2034; x_wconf 88' lang='lat' dir='ltr'>V</span> <span class='ocrx_word' id='word_1_167' title='bbox 187 1975 311 2055; x_wconf 81' lang='lat' dir='ltr'><strong>pontifici</strong></span> <span class='ocrx_word' id='word_1_168' title='bbox 330 1977 452 2036; x_wconf 80' lang='lat' dir='ltr'><strong>maximo</strong></span> <span class='ocrx_word' id='word_1_169' title='bbox 469 1977 641 2055; x_wconf 88' lang='lat' dir='ltr'><strong>inscriptum,</strong></span> <span class='ocrx_word' id='word_1_170' title='bbox 661 1977 725 2054; x_wconf 89' lang='lat' dir='ltr'><strong>hoc,</strong></span> <span class='ocrx_word' id='word_1_171' title='bbox 743 1977 867 2053; x_wconf 86' lang='lat' dir='ltr'><strong>inquam,</strong></span> <span class='ocrx_word' id='word_1_172' title='bbox 885 1976 1113 2052; x_wconf 80' lang='lat' dir='ltr'><strong>martyrologium</strong></span> <span class='ocrx_word' id='word_1_173' title='bbox 1129 1976 1168 2040; x_wconf 85' lang='lat'><strong>15</strong></span> <span class='ocrx_word' id='word_1_174' title='bbox 1185 1977 1234 2035; x_wconf 83' lang='lat' dir='ltr'><strong>die</strong></span> 
     </span>
     <span class='ocr_line' id='line_1_21' title="bbox 141 2059 1234 2140; baseline 0 -21"><span class='ocrx_word' id='word_1_175' title='bbox 141 2059 262 2136; x_wconf 76' lang='lat' dir='ltr'><strong>Augusti</strong></span> <span class='ocrx_word' id='word_1_176' title='bbox 281 2061 354 2121; x_wconf 90' lang='lat' dir='ltr'><strong>hanc</strong></span> <span class='ocrx_word' id='word_1_177' title='bbox 377 2061 584 2140; x_wconf 67' lang='lat' dir='ltr'><strong>inruptionem</strong></span> <span class='ocrx_word' id='word_1_178' title='bbox 598 2064 736 2139; x_wconf 82' lang='lat' dir='ltr'><strong>praefert,</strong></span> <span class='ocrx_word' id='word_1_179' title='bbox 768 2062 797 2119; x_wconf 90' lang='lat' dir='ltr'><strong>S.</strong></span> <span class='ocrx_word' id='word_1_180' title='bbox 815 2061 921 2118; x_wconf 87' lang='lat' dir='ltr'><strong>Mariae</strong></span> <span class='ocrx_word' id='word_1_181' title='bbox 940 2061 1069 2122; x_wconf 81' lang='lat' dir='ltr'><strong>dormitio.</strong></span> <span class='ocrx_word' id='word_1_182' title='bbox 1112 2061 1137 2117; x_wconf 89' lang='lat' dir='ltr'><strong>si</strong></span> <span class='ocrx_word' id='word_1_183' title='bbox 1161 2078 1234 2137; x_wconf 90' lang='lat' dir='ltr'><strong>ergo</strong></span> 
     </span>
     <span class='ocr_line' id='line_1_22' title="bbox 141 2144 1231 2225; baseline -0.001 -19"><span class='ocrx_word' id='word_1_184' title='bbox 141 2146 320 2223; x_wconf 89' lang='lat' dir='ltr'><strong>martyrologi</strong></span> <span class='ocrx_word' id='word_1_185' title='bbox 343 2146 382 2204; x_wconf 94' lang='lat' dir='ltr'><strong>illi</strong></span> <span class='ocrx_word' id='word_1_186' title='bbox 408 2147 577 2225; x_wconf 88' lang='lat' dir='ltr'><strong>primaevum</strong></span> <span class='ocrx_word' id='word_1_187' title='bbox 604 2147 658 2206; x_wconf 88' lang='lat' dir='ltr'><strong>hoe</strong></span> <span class='ocrx_word' id='word_1_188' title='bbox 684 2146 829 2205; x_wconf 88' lang='lat' dir='ltr'><strong>Romanae</strong></span> <span class='ocrx_word' id='word_1_189' title='bbox 854 2144 984 2204; x_wconf 89' lang='lat' dir='ltr'><strong>ecclesiae</strong></span> <span class='ocrx_word' id='word_1_190' title='bbox 1002 2145 1231 2222; x_wconf 85' lang='lat' dir='ltr'><strong>martyrologium</strong></span> 
     </span>
    </p>
   </div>
   <div class='ocr_carea' id='block_1_3' title="bbox 36 2229 1231 2310">
    <p class='ocr_par' dir='ltr' id='par_1_3' title="bbox 36 2229 1231 2310">
     <span class='ocr_line' id='line_1_23' title="bbox 36 2229 1231 2310; baseline 0 -21"><span class='ocrx_word' id='word_1_191' title='bbox 36 2251 40 2260; x_wconf 91' lang='grc'><strong><em>·</em></strong></span> <span class='ocrx_word' id='word_1_192' title='bbox 140 2231 228 2289; x_wconf 89' lang='lat' dir='ltr'><strong>secuti</strong></span> <span class='ocrx_word' id='word_1_193' title='bbox 248 2237 331 2308; x_wconf 88' lang='lat' dir='ltr'><strong>sunt,</strong></span> <span class='ocrx_word' id='word_1_194' title='bbox 353 2232 421 2307; x_wconf 90' lang='lat' dir='ltr'><strong>quid</strong></span> <span class='ocrx_word' id='word_1_195' title='bbox 440 2231 612 2310; x_wconf 68' lang='lat' dir='ltr'><strong>peccarunt?</strong></span> <span class='ocrx_word' id='word_1_196' title='bbox 653 2250 705 2290; x_wconf 85' lang='lat' dir='ltr'><strong>nee</strong></span> <span class='ocrx_word' id='word_1_197' title='bbox 720 2231 832 2307; x_wconf 91' lang='lat' dir='ltr'><strong>mirum,</strong></span> <span class='ocrx_word' id='word_1_198' title='bbox 853 2231 918 2307; x_wconf 91' lang='lat' dir='ltr'><strong>quia</strong></span> <span class='ocrx_word' id='word_1_199' title='bbox 937 2231 1032 2288; x_wconf 86' lang='lat' dir='ltr'><strong>forsan</strong></span> <span class='ocrx_word' id='word_1_200' title='bbox 1052 2229 1104 2287; x_wconf 90' lang='lat' dir='ltr'><strong>illis</strong></span> <span class='ocrx_word' id='word_1_201' title='bbox 1124 2249 1231 2289; x_wconf 85' lang='lat' dir='ltr'><strong>esrum-</strong></span> 
     </span>
    </p>
   </div>
   <div class='ocr_carea' id='block_1_4' title="bbox 99 2315 1232 3924">
    <p class='ocr_par' dir='ltr' id='par_1_4' title="bbox 99 2315 1232 3924">
     <span class='ocr_line' id='line_1_24' title="bbox 138 2315 1231 2395; baseline -0.002 -21"><span class='ocrx_word' id='word_1_202' title='bbox 138 2321 195 2395; x_wconf 83' lang='lat' dir='ltr'><strong>ptio</strong></span> <span class='ocrx_word' id='word_1_203' title='bbox 214 2317 343 2394; x_wconf 86' lang='lat' dir='ltr'><strong>deiparae</strong></span> <span class='ocrx_word' id='word_1_204' title='bbox 363 2316 426 2376; x_wconf 85' lang='lat' dir='ltr'><strong>curn</strong></span> <span class='ocrx_word' id='word_1_205' title='bbox 444 2335 561 2394; x_wconf 90' lang='lat' dir='ltr'><strong>corpore</strong></span> <span class='ocrx_word' id='word_1_206' title='bbox 581 2322 610 2374; x_wconf 93' lang='lat' dir='ltr'><strong>et</strong></span> <span class='ocrx_word' id='word_1_207' title='bbox 633 2317 799 2392; x_wconf 78' lang='lat' dir='ltr'><strong>animatam</strong></span> <span class='ocrx_word' id='word_1_208' title='bbox 817 2316 922 2393; x_wconf 92' lang='lat' dir='ltr'><strong>liquida</strong></span> <span class='ocrx_word' id='word_1_209' title='bbox 942 2334 999 2373; x_wconf 92' lang='lat' dir='ltr'><strong>non</strong></span> <span class='ocrx_word' id='word_1_210' title='bbox 1014 2315 1067 2373; x_wconf 84' lang='lat' dir='ltr'><strong>fuit</strong></span> <span class='ocrx_word' id='word_1_211' title='bbox 1080 2332 1163 2389; x_wconf 91' lang='lat' dir='ltr'><strong>quam</strong></span> <span class='ocrx_word' id='word_1_212' title='bbox 1177 2333 1231 2373; x_wconf 86' lang='lat' dir='ltr'><strong>no-</strong></span> 
     </span>
     <span class='ocr_line' id='line_1_25' title="bbox 142 2400 1232 2480; baseline -0.001 -21"><span class='ocrx_word' id='word_1_213' title='bbox 142 2403 183 2460; x_wconf 89' lang='lat' dir='ltr'><strong>bis</strong></span> <span class='ocrx_word' id='word_1_214' title='bbox 201 2407 246 2459; x_wconf 87' lang='lat' dir='ltr'><strong>est</strong></span> <span class='ocrx_word' id='word_1_215' title='bbox 264 2403 363 2480; x_wconf 88' lang='lat' dir='ltr'><strong>hodie,</strong></span> <span class='ocrx_word' id='word_1_216' title='bbox 391 2401 458 2477; x_wconf 87' lang='lat' dir='ltr'><strong>quia</strong></span> <span class='ocrx_word' id='word_1_217' title='bbox 475 2403 577 2461; x_wconf 84' lang='lat' dir='ltr'><strong>veritas</strong></span> <span class='ocrx_word' id='word_1_218' title='bbox 598 2401 732 2480; x_wconf 85' lang='lat' dir='ltr'><strong>paulatim</strong></span> <span class='ocrx_word' id='word_1_219' title='bbox 754 2402 843 2478; x_wconf 82' lang='lat' dir='ltr'><strong>magis</strong></span> <span class='ocrx_word' id='word_1_220' title='bbox 861 2405 946 2475; x_wconf 90' lang='lat' dir='ltr'><strong>atque</strong></span> <span class='ocrx_word' id='word_1_221' title='bbox 963 2400 1053 2476; x_wconf 84' lang='lat' dir='ltr'><strong>magis</strong></span> <span class='ocrx_word' id='word_1_222' title='bbox 1073 2401 1178 2458; x_wconf 89' lang='lat' dir='ltr'><strong>eruitur</strong></span> <span class='ocrx_word' id='word_1_223' title='bbox 1198 2403 1232 2458; x_wconf 88' lang='lat' dir='ltr'><strong>et</strong></span> 
     </span>
     <span class='ocr_line' id='line_1_26' title="bbox 140 2484 1232 2565; baseline -0.004 -21"><span class='ocrx_word' id='word_1_224' title='bbox 140 2486 307 2565; x_wconf 85' lang='lat' dir='ltr'><strong>elucidatur,</strong></span> <span class='ocrx_word' id='word_1_225' title='bbox 326 2487 366 2545; x_wconf 90' lang='lat' dir='ltr'><strong>ita</strong></span> <span class='ocrx_word' id='word_1_226' title='bbox 385 2493 418 2545; x_wconf 90' lang='lat' dir='ltr'><strong>ut</strong></span> <span class='ocrx_word' id='word_1_227' title='bbox 439 2488 515 2562; x_wconf 90' lang='lat' dir='ltr'><strong>quod</strong></span> <span class='ocrx_word' id='word_1_228' title='bbox 531 2487 670 2564; x_wconf 85' lang='lat' dir='ltr'><strong>prioribus</strong></span> <span class='ocrx_word' id='word_1_229' title='bbox 684 2487 800 2546; x_wconf 86' lang='lat' dir='ltr'><strong>saeculis</strong></span> <span class='ocrx_word' id='word_1_230' title='bbox 817 2484 1050 2544; x_wconf 85' lang='lat' dir='ltr'><strong>obscuriusculum</strong></span> <span class='ocrx_word' id='word_1_231' title='bbox 1063 2484 1232 2560; x_wconf 88' lang='lat' dir='ltr'><strong>habebatur,</strong></span> 
     </span>
     <span class='ocr_line' id='line_1_27' title="bbox 140 2566 1232 2651; baseline -0.005 -22"><span class='ocrx_word' id='word_1_232' title='bbox 140 2573 169 2630; x_wconf 86' lang='lat' dir='ltr'><strong>id</strong></span> <span class='ocrx_word' id='word_1_233' title='bbox 190 2573 311 2651; x_wconf 88' lang='lat' dir='ltr'><strong>posteris</strong></span> <span class='ocrx_word' id='word_1_234' title='bbox 332 2573 504 2650; x_wconf 90' lang='lat' dir='ltr'><strong>temporibus</strong></span> <span class='ocrx_word' id='word_1_235' title='bbox 522 2571 598 2631; x_wconf 86' lang='lat' dir='ltr'><strong>clara</strong></span> <span class='ocrx_word' id='word_1_236' title='bbox 616 2573 646 2630; x_wconf 89' lang='lat' dir='ltr'><strong>in</strong></span> <span class='ocrx_word' id='word_1_237' title='bbox 665 2572 727 2630; x_wconf 90' lang='lat' dir='ltr'><strong>luce</strong></span> <span class='ocrx_word' id='word_1_238' title='bbox 744 2575 903 2648; x_wconf 88' lang='lat' dir='ltr'><strong>reponatur.</strong></span> <span class='ocrx_word' id='word_1_239' title='bbox 945 2571 1052 2628; x_wconf 89' lang='lat' dir='ltr'><strong>accedit</strong></span> <span class='ocrx_word' id='word_1_240' title='bbox 1072 2570 1149 2644; x_wconf 90' lang='lat' dir='ltr'><strong>quod</strong></span> <span class='ocrx_word' id='word_1_241' title='bbox 1169 2566 1232 2625; x_wconf 83' lang='lat' dir='ltr'><strong>Ra-</strong></span> 
     </span>
     <span class='ocr_line' id='line_1_28' title="bbox 140 2652 1230 2734; baseline -0.003 -20"><span class='ocrx_word' id='word_1_242' title='bbox 140 2657 229 2714; x_wconf 90' lang='lat' dir='ltr'><strong>banus</strong></span> <span class='ocrx_word' id='word_1_243' title='bbox 249 2662 279 2715; x_wconf 89' lang='lat' dir='ltr'><strong>et</strong></span> <span class='ocrx_word' id='word_1_244' title='bbox 298 2655 441 2715; x_wconf 89' lang='lat' dir='ltr'><strong>Notkerus</strong></span> <span class='ocrx_word' id='word_1_245' title='bbox 462 2658 492 2714; x_wconf 93' lang='lat' dir='ltr'><strong>in</strong></span> <span class='ocrx_word' id='word_1_246' title='bbox 510 2657 568 2714; x_wconf 90' lang='lat' dir='ltr'><strong>suis</strong></span> <span class='ocrx_word' id='word_1_247' title='bbox 588 2657 792 2734; x_wconf 87' lang='lat' dir='ltr'><strong>martyrologiis</strong></span> <span class='ocrx_word' id='word_1_248' title='bbox 809 2653 995 2733; x_wconf 88' lang='lat' dir='ltr'><strong>appellatione</strong></span> <span class='ocrx_word' id='word_1_249' title='bbox 1015 2653 1098 2712; x_wconf 90' lang='lat' dir='ltr'><strong>hodie</strong></span> <span class='ocrx_word' id='word_1_250' title='bbox 1117 2652 1230 2712; x_wconf 86' lang='lat' dir='ltr'><strong>Latinis</strong></span> 
     </span>
     <span class='ocr_line' id='line_1_29' title="bbox 139 2736 1232 2820; baseline -0.007 -16"><span class='ocrx_word' id='word_1_251' title='bbox 139 2747 275 2805; x_wconf 82' lang='lat' dir='ltr'><strong>consueta</strong></span> <span class='ocrx_word' id='word_1_252' title='bbox 294 2747 424 2803; x_wconf 84' lang='lat' dir='ltr'><strong>utantur:</strong></span> <span class='ocrx_word' id='word_1_253' title='bbox 453 2742 531 2820; x_wconf 90' lang='lat' dir='ltr'><strong>apud</strong></span> <span class='ocrx_word' id='word_1_254' title='bbox 552 2747 701 2816; x_wconf 89' lang='lat' dir='ltr'><strong>utrumque</strong></span> <span class='ocrx_word' id='word_1_255' title='bbox 721 2742 794 2800; x_wconf 91' lang='lat' dir='ltr'><strong>enim</strong></span> <span class='ocrx_word' id='word_1_256' title='bbox 814 2741 891 2817; x_wconf 88' lang='lat' dir='ltr'><strong>leges</strong></span> <span class='ocrx_word' id='word_1_257' title='bbox 910 2741 1053 2815; x_wconf 76' lang='lat' dir='ltr'><strong>assumptio</strong></span> <span class='ocrx_word' id='word_1_258' title='bbox 1070 2739 1094 2796; x_wconf 85' lang='lat' dir='ltr'><strong>b.</strong></span> <span class='ocrx_word' id='word_1_259' title='bbox 1119 2736 1232 2796; x_wconf 69' lang='lat' dir='ltr'><strong>Merrae</strong></span> 
     </span>
     <span class='ocr_line' id='line_1_30' title="bbox 139 2823 1231 2905; baseline -0.005 -21"><span class='ocrx_word' id='word_1_260' title='bbox 139 2830 276 2903; x_wconf 78' lang='lat' dir='ltr'><strong>genitricis</strong></span> <span class='ocrx_word' id='word_1_261' title='bbox 295 2828 352 2901; x_wconf 83' lang='lat' dir='ltr'><strong>det,</strong></span> <span class='ocrx_word' id='word_1_262' title='bbox 374 2833 407 2892; x_wconf 87' lang='lat' dir='ltr'><strong>ut</strong></span> <span class='ocrx_word' id='word_1_263' title='bbox 423 2832 453 2885; x_wconf 91' lang='lat' dir='ltr'><strong>et</strong></span> <span class='ocrx_word' id='word_1_264' title='bbox 472 2828 549 2905; x_wconf 88' lang='lat' dir='ltr'><strong>apud</strong></span> <span class='ocrx_word' id='word_1_265' title='bbox 568 2827 682 2887; x_wconf 88' lang='lat' dir='ltr'><strong>Bedam.</strong></span> <span class='ocrx_word' id='word_1_266' title='bbox 725 2844 835 2902; x_wconf 70' lang='lat' dir='ltr'><strong>quare,</strong></span> <span class='ocrx_word' id='word_1_267' title='bbox 856 2831 890 2882; x_wconf 90' lang='lat' dir='ltr'><strong>ut</strong></span> <span class='ocrx_word' id='word_1_268' title='bbox 909 2824 938 2881; x_wconf 92' lang='lat' dir='ltr'><strong>iu</strong></span> <span class='ocrx_word' id='word_1_269' title='bbox 958 2823 1086 2881; x_wconf 87' lang='lat' dir='ltr'><strong>semitam</strong></span> <span class='ocrx_word' id='word_1_270' title='bbox 1105 2826 1231 2880; x_wconf 80' lang='lat' dir='ltr'><strong>reverta-</strong></span> 
     </span>
     <span class='ocr_line' id='line_1_31' title="bbox 139 2907 1231 2988; baseline -0.008 -16"><span class='ocrx_word' id='word_1_271' title='bbox 139 2913 217 2988; x_wconf 79' lang='lat' dir='ltr'><strong>mur,</strong></span> <span class='ocrx_word' id='word_1_272' title='bbox 239 2913 429 2972; x_wconf 86' lang='lat' dir='ltr'><strong>beatissimam</strong></span> <span class='ocrx_word' id='word_1_273' title='bbox 446 2913 580 2988; x_wconf 86' lang='lat' dir='ltr'><strong>virginem</strong></span> <span class='ocrx_word' id='word_1_274' title='bbox 600 2915 699 2970; x_wconf 88' lang='lat' dir='ltr'><strong>eodem</strong></span> <span class='ocrx_word' id='word_1_275' title='bbox 717 2913 761 2970; x_wconf 90' lang='lat' dir='ltr'><strong>die</strong></span> <span class='ocrx_word' id='word_1_276' title='bbox 778 2916 916 2970; x_wconf 89' lang='lat' dir='ltr'><strong>mortuam</strong></span> <span class='ocrx_word' id='word_1_277' title='bbox 935 2907 1141 2984; x_wconf 86' lang='lat' dir='ltr'><strong>sepultameta</strong></span> <span class='ocrx_word' id='word_1_278' title='bbox 1154 2924 1231 2965; x_wconf 78' lang='lat' dir='ltr'><strong>mor-</strong></span> 
     </span>
     <span class='ocr_line' id='line_1_32' title="bbox 140 2989 1229 3069; baseline -0.006 -16"><span class='ocrx_word' id='word_1_279' title='bbox 140 2997 196 3053; x_wconf 88' lang='lat' dir='ltr'><strong>tuis</strong></span> <span class='ocrx_word' id='word_1_280' title='bbox 212 2999 357 3056; x_wconf 81' lang='lat' dir='ltr'><strong>excitatam</strong></span> <span class='ocrx_word' id='word_1_281' title='bbox 374 3017 435 3060; x_wconf 86' lang='lat' dir='ltr'><strong>eum</strong></span> <span class='ocrx_word' id='word_1_282' title='bbox 457 2997 626 3064; x_wconf 80' lang='lat' dir='ltr'><strong>Graecorum</strong></span> <span class='ocrx_word' id='word_1_283' title='bbox 646 2997 770 3056; x_wconf 87' lang='lat' dir='ltr'><strong>Menaeis</strong></span> <span class='ocrx_word' id='word_1_284' title='bbox 788 2995 934 3069; x_wconf 88' lang='lat' dir='ltr'><strong>credimus,</strong></span> <span class='ocrx_word' id='word_1_285' title='bbox 954 2993 1019 3050; x_wconf 91' lang='lat' dir='ltr'><strong>licet</strong></span> <span class='ocrx_word' id='word_1_286' title='bbox 1037 2989 1229 3050; x_wconf 85' lang='lat' dir='ltr'><strong>Damascenus</strong></span> 
     </span>
     <span class='ocr_line' id='line_1_33' title="bbox 99 3075 1231 3143; baseline -0.006 -5"><span class='ocrx_word' id='word_1_287' title='bbox 99 3089 104 3099; x_wconf 86' lang='grc'><em>“</em></span> <span class='ocrx_word' id='word_1_288' title='bbox 139 3082 377 3141; x_wconf 84' lang='lat' dir='ltr'><strong>resuscitationem</strong></span> <span class='ocrx_word' id='word_1_289' title='bbox 403 3084 487 3142; x_wconf 88' lang='lat' dir='ltr'><strong>tertio</strong></span> <span class='ocrx_word' id='word_1_290' title='bbox 514 3084 625 3143; x_wconf 88' lang='lat' dir='ltr'><strong>demum</strong></span> <span class='ocrx_word' id='word_1_291' title='bbox 652 3084 688 3142; x_wconf 88' lang='lat' dir='ltr'><strong>ab</strong></span> <span class='ocrx_word' id='word_1_292' title='bbox 711 3081 791 3141; x_wconf 88' lang='lat' dir='ltr'><strong>obitu</strong></span> <span class='ocrx_word' id='word_1_293' title='bbox 808 3079 856 3138; x_wconf 85' lang='lat' dir='ltr'><strong>¹die</strong></span> <span class='ocrx_word' id='word_1_294' title='bbox 876 3083 983 3136; x_wconf 88' lang='lat' dir='ltr'><strong>statuat</strong></span> <span class='ocrx_word' id='word_1_295' title='bbox 998 3077 1028 3134; x_wconf 91' lang='lat' dir='ltr'><strong>in</strong></span> <span class='ocrx_word' id='word_1_296' title='bbox 1049 3075 1174 3134; x_wconf 89' lang='lat' dir='ltr'><strong>oratione</strong></span> <span class='ocrx_word' id='word_1_297' title='bbox 1192 3075 1231 3132; x_wconf 89' lang='lat' dir='ltr'><strong>de</strong></span> 
     </span>
     <span class='ocr_line' id='line_1_34' title="bbox 139 3159 1230 3246; baseline -0.007 -22"><span class='ocrx_word' id='word_1_298' title='bbox 139 3168 327 3242; x_wconf 83' lang='lat' dir='ltr'><strong>assumptione</strong></span> <span class='ocrx_word' id='word_1_299' title='bbox 356 3168 383 3224; x_wconf 92' lang='lat' dir='ltr'><strong>b.</strong></span> <span class='ocrx_word' id='word_1_300' title='bbox 406 3165 519 3226; x_wconf 82' lang='lat' dir='ltr'><strong>Mariae.</strong></span> <span class='ocrx_word' id='word_1_301' title='bbox 561 3169 673 3229; x_wconf 83' lang='lat' dir='ltr'><strong>tametsi</strong></span> <span class='ocrx_word' id='word_1_302' title='bbox 700 3165 868 3246; x_wconf 83' lang='lat' dir='ltr'><strong>probabilius</strong></span> <span class='ocrx_word' id='word_1_303' title='bbox 893 3164 940 3220; x_wconf 86' lang='lat' dir='ltr'><strong>isti</strong></span> <span class='ocrx_word' id='word_1_304' title='bbox 968 3180 1052 3237; x_wconf 88' lang='lat' dir='ltr'><strong>quam</strong></span> <span class='ocrx_word' id='word_1_305' title='bbox 1081 3160 1126 3218; x_wconf 90' lang='lat' dir='ltr'><strong>alii</strong></span> <span class='ocrx_word' id='word_1_306' title='bbox 1151 3159 1230 3235; x_wconf 88' lang='lat' dir='ltr'><strong>apud</strong></span> 
     </span>
     <span class='ocr_line' id='line_1_35' title="bbox 139 3243 1231 3330; baseline -0.005 -24"><span class='ocrx_word' id='word_1_307' title='bbox 139 3250 260 3326; x_wconf 75' lang='lat' dir='ltr'><strong>sedam,</strong></span> <span class='ocrx_word' id='word_1_308' title='bbox 287 3252 335 3325; x_wconf 84' lang='lat' dir='ltr'><strong>qui</strong></span> <span class='ocrx_word' id='word_1_309' title='bbox 355 3253 572 3330; x_wconf 81' lang='lat' dir='ltr'><strong>assumptionem</strong></span> <span class='ocrx_word' id='word_1_310' title='bbox 591 3252 721 3330; x_wconf 86' lang='lat' dir='ltr'><strong>deiparae</strong></span> <span class='ocrx_word' id='word_1_311' title='bbox 742 3252 779 3310; x_wconf 85' lang='lat' dir='ltr'><strong>ad</strong></span> <span class='ocrx_word' id='word_1_312' title='bbox 799 3256 820 3315; x_wconf 88' lang='grc'>9</span> <span class='ocrx_word' id='word_1_313' title='bbox 841 3248 969 3306; x_wconf 82' lang='lat' dir='ltr'><strong>calendas</strong></span> <span class='ocrx_word' id='word_1_314' title='bbox 991 3245 1147 3318; x_wconf 86' lang='lat' dir='ltr'><strong>Octobres,</strong></span> <span class='ocrx_word' id='word_1_315' title='bbox 1174 3243 1231 3300; x_wconf 83' lang='lat' dir='ltr'><strong>hoe</strong></span> 
     </span>
     <span class='ocr_line' id='line_1_36' title="bbox 140 3325 1231 3414; baseline -0.007 -18"><span class='ocrx_word' id='word_1_316' title='bbox 140 3340 185 3396; x_wconf 85' lang='lat' dir='ltr'><strong>est</strong></span> <span class='ocrx_word' id='word_1_317' title='bbox 201 3335 238 3392; x_wconf 89' lang='lat' dir='ltr'><strong>ad</strong></span> <span class='ocrx_word' id='word_1_318' title='bbox 258 3335 300 3398; x_wconf 78' lang='lat'><strong>24</strong></span> <span class='ocrx_word' id='word_1_319' title='bbox 315 3336 387 3393; x_wconf 90' lang='lat' dir='ltr'><strong>diem</strong></span> <span class='ocrx_word' id='word_1_320' title='bbox 407 3335 594 3414; x_wconf 83' lang='lat' dir='ltr'><strong>Septembris,</strong></span> <span class='ocrx_word' id='word_1_321' title='bbox 614 3337 754 3412; x_wconf 80' lang='lat' dir='ltr'><strong>referunt,</strong></span> <span class='ocrx_word' id='word_1_322' title='bbox 771 3335 813 3392; x_wconf 84' lang='lat' dir='ltr'><strong>ita</strong></span> <span class='ocrx_word' id='word_1_323' title='bbox 831 3339 865 3391; x_wconf 92' lang='lat' dir='ltr'><strong>ut</strong></span> <span class='ocrx_word' id='word_1_324' title='bbox 883 3333 956 3389; x_wconf 90' lang='lat' dir='ltr'><strong>iuter</strong></span> <span class='ocrx_word' id='word_1_325' title='bbox 977 3335 1096 3389; x_wconf 89' lang='lat' dir='ltr'><strong>mortem</strong></span> <span class='ocrx_word' id='word_1_326' title='bbox 1114 3327 1172 3388; x_wconf 88' lang='lat' dir='ltr'><strong>eius</strong></span> <span class='ocrx_word' id='word_1_327' title='bbox 1190 3325 1231 3388; x_wconf 87' lang='lat'><strong>15</strong></span> 
     </span>
     <span class='ocr_line' id='line_1_37' title="bbox 140 3410 1231 3499; baseline -0.009 -21"><span class='ocrx_word' id='word_1_328' title='bbox 140 3419 272 3495; x_wconf 81' lang='lat' dir='ltr'><strong>Augusti,</strong></span> <span class='ocrx_word' id='word_1_329' title='bbox 293 3437 365 3495; x_wconf 89' lang='lat' dir='ltr'><strong>quae</strong></span> <span class='ocrx_word' id='word_1_330' title='bbox 378 3421 432 3478; x_wconf 85' lang='lat' dir='ltr'><strong>suit</strong></span> <span class='ocrx_word' id='word_1_331' title='bbox 453 3422 543 3499; x_wconf 90' lang='lat' dir='ltr'><strong>prima</strong></span> <span class='ocrx_word' id='word_1_332' title='bbox 562 3421 733 3498; x_wconf 87' lang='lat' dir='ltr'><strong>assumptio,</strong></span> <span class='ocrx_word' id='word_1_333' title='bbox 752 3436 852 3495; x_wconf 88' lang='lat' dir='ltr'><strong>nempe</strong></span> <span class='ocrx_word' id='word_1_334' title='bbox 871 3414 1023 3476; x_wconf 83' lang='lat' dir='ltr'><strong>seeundum</strong></span> <span class='ocrx_word' id='word_1_335' title='bbox 1037 3413 1166 3488; x_wconf 89' lang='lat' dir='ltr'><strong>animam,</strong></span> <span class='ocrx_word' id='word_1_336' title='bbox 1184 3410 1231 3468; x_wconf 90' lang='lat' dir='ltr'><strong>in-</strong></span> 
     </span>
     <span class='ocr_line' id='line_1_38' title="bbox 140 3501 1229 3581; baseline -0.01 -17"><span class='ocrx_word' id='word_1_337' title='bbox 140 3504 317 3564; x_wconf 87' lang='lat' dir='ltr'><strong>tercesserint</strong></span> <span class='ocrx_word' id='word_1_338' title='bbox 332 3505 520 3581; x_wconf 85' lang='lat' dir='ltr'><strong>quadraginta</strong></span> <span class='ocrx_word' id='word_1_339' title='bbox 535 3504 594 3562; x_wconf 87' lang='lat' dir='ltr'><strong>dies</strong></span> <span class='ocrx_word' id='word_1_340' title='bbox 614 3522 704 3579; x_wconf 88' lang='lat' dir='ltr'><strong>usque</strong></span> <span class='ocrx_word' id='word_1_341' title='bbox 724 3504 792 3563; x_wconf 89' lang='lat' dir='ltr'><strong>dum</strong></span> <span class='ocrx_word' id='word_1_342' title='bbox 811 3501 903 3560; x_wconf 89' lang='lat' dir='ltr'><strong>anima</strong></span> <span class='ocrx_word' id='word_1_343' title='bbox 923 3518 986 3556; x_wconf 91' lang='lat' dir='ltr'><strong>cum</strong></span> <span class='ocrx_word' id='word_1_344' title='bbox 1000 3516 1116 3575; x_wconf 89' lang='lat' dir='ltr'><strong>corpore</strong></span> <span class='ocrx_word' id='word_1_345' title='bbox 1130 3513 1229 3555; x_wconf 86' lang='lat' dir='ltr'><strong>rursus</strong></span> 
     </span>
     <span class='ocr_line' id='line_1_39' title="bbox 140 3581 1230 3668; baseline -0.01 -20"><span class='ocrx_word' id='word_1_346' title='bbox 140 3589 333 3667; x_wconf 86' lang='lat' dir='ltr'><strong>conglutinata</strong></span> <span class='ocrx_word' id='word_1_347' title='bbox 350 3591 500 3652; x_wconf 85' lang='lat' dir='ltr'><strong>resurrexit</strong></span> <span class='ocrx_word' id='word_1_348' title='bbox 519 3590 665 3665; x_wconf 80' lang='lat' dir='ltr'><strong>melosque</strong></span> <span class='ocrx_word' id='word_1_349' title='bbox 687 3588 792 3668; x_wconf 89' lang='lat' dir='ltr'><strong>petivit.</strong></span> <span class='ocrx_word' id='word_1_350' title='bbox 835 3603 930 3644; x_wconf 88' lang='lat' dir='ltr'><strong>verum</strong></span> <span class='ocrx_word' id='word_1_351' title='bbox 947 3583 1015 3642; x_wconf 90' lang='lat' dir='ltr'><strong>haec</strong></span> <span class='ocrx_word' id='word_1_352' title='bbox 1038 3582 1112 3640; x_wconf 89' lang='lat' dir='ltr'><strong>omni</strong></span> <span class='ocrx_word' id='word_1_353' title='bbox 1131 3581 1230 3640; x_wconf 82' lang='lat' dir='ltr'><strong>verisi-</strong></span> 
     </span>
     <span class='ocr_line' id='line_1_40' title="bbox 140 3665 1230 3753; baseline -0.015 -14"><span class='ocrx_word' id='word_1_354' title='bbox 140 3676 296 3738; x_wconf 66' lang='lat' dir='ltr'><strong>militudine,</strong></span> <span class='ocrx_word' id='word_1_355' title='bbox 313 3681 418 3753; x_wconf 87' lang='lat' dir='ltr'><strong>carent,</strong></span> <span class='ocrx_word' id='word_1_356' title='bbox 438 3681 469 3733; x_wconf 92' lang='lat' dir='ltr'><strong>et</strong></span> <span class='ocrx_word' id='word_1_357' title='bbox 484 3677 666 3736; x_wconf 86' lang='lat' dir='ltr'><strong>adversantur</strong></span> <span class='ocrx_word' id='word_1_358' title='bbox 686 3680 744 3734; x_wconf 85' lang='lat' dir='ltr'><strong>tam</strong></span> <span class='ocrx_word' id='word_1_359' title='bbox 763 3670 882 3730; x_wconf 84' lang='lat' dir='ltr'><strong>Latirme</strong></span> <span class='ocrx_word' id='word_1_360' title='bbox 902 3687 986 3745; x_wconf 90' lang='lat' dir='ltr'><strong>quam</strong></span> <span class='ocrx_word' id='word_1_361' title='bbox 1003 3668 1126 3726; x_wconf 87' lang='lat' dir='ltr'><strong>Graecae</strong></span> <span class='ocrx_word' id='word_1_362' title='bbox 1141 3665 1230 3724; x_wconf 79' lang='lat' dir='ltr'><strong>eecle-</strong></span> 
     </span>
     <span class='ocr_line' id='line_1_41' title="bbox 139 3745 1228 3840; baseline -0.008 -20"><span class='ocrx_word' id='word_1_363' title='bbox 139 3763 215 3834; x_wconf 84' lang='lat' dir='ltr'><strong>siae3</strong></span> <span class='ocrx_word' id='word_1_364' title='bbox 236 3765 365 3838; x_wconf 87' lang='lat' dir='ltr'><strong>reeteque</strong></span> <span class='ocrx_word' id='word_1_365' title='bbox 385 3765 467 3820; x_wconf 89' lang='lat' dir='ltr'><strong>notat</strong></span> <span class='ocrx_word' id='word_1_366' title='bbox 486 3760 621 3820; x_wconf 86' lang='lat' dir='ltr'><strong>Barouius</strong></span> <span class='ocrx_word' id='word_1_367' title='bbox 640 3761 670 3818; x_wconf 91' lang='lat' dir='ltr'><strong>in</strong></span> <span class='ocrx_word' id='word_1_368' title='bbox 685 3756 882 3840; x_wconf 87' lang='lat' dir='ltr'><strong>martyrologio</strong></span> <span class='ocrx_word' id='word_1_369' title='bbox 901 3754 1030 3814; x_wconf 88' lang='lat' dir='ltr'><strong>Romano</strong></span> <span class='ocrx_word' id='word_1_370' title='bbox 1044 3754 1082 3811; x_wconf 87' lang='lat' dir='ltr'><strong>ad</strong></span> <span class='ocrx_word' id='word_1_371' title='bbox 1097 3753 1170 3812; x_wconf 90' lang='lat' dir='ltr'><strong>diem</strong></span> <span class='ocrx_word' id='word_1_372' title='bbox 1186 3745 1228 3812; x_wconf 81' lang='lat'><strong>15</strong></span> 
     </span>
     <span class='ocr_line' id='line_1_42' title="bbox 140 3834 1229 3924; baseline -0.014 -19"><span class='ocrx_word' id='word_1_373' title='bbox 140 3845 262 3924; x_wconf 82' lang='lat' dir='ltr'><strong>Augusti</strong></span> <span class='ocrx_word' id='word_1_374' title='bbox 281 3845 349 3912; x_wconf 90' lang='lat' dir='ltr'><strong>illud</strong></span> <span class='ocrx_word' id='word_1_375' title='bbox 371 3847 407 3905; x_wconf 90' lang='lat' dir='ltr'><strong>de</strong></span> <span class='ocrx_word' id='word_1_376' title='bbox 423 3847 545 3906; x_wconf 81' lang='lat' dir='ltr'><strong>&#39;secunda</strong></span> <span class='ocrx_word' id='word_1_377' title='bbox 558 3845 747 3924; x_wconf 90' lang='lat' dir='ltr'><strong>assumptione</strong></span> <span class='ocrx_word' id='word_1_378' title='bbox 768 3861 830 3902; x_wconf 90' lang='lat' dir='ltr'><strong>esse</strong></span> <span class='ocrx_word' id='word_1_379' title='bbox 846 3841 1042 3900; x_wconf 89' lang='lat' dir='ltr'><strong>assumendum</strong></span> <span class='ocrx_word' id='word_1_380' title='bbox 1059 3855 1117 3895; x_wconf 90' lang='lat' dir='ltr'><strong>non</strong></span> <span class='ocrx_word' id='word_1_381' title='bbox 1136 3855 1155 3894; x_wconf 88' lang='lat' dir='ltr'><strong>a</strong></span> <span class='ocrx_word' id='word_1_382' title='bbox 1171 3834 1229 3891; x_wconf 85' lang='lat' dir='ltr'><strong>Be·</strong></span> 
     </span>
    </p>
   </div>
   <div class='ocr_carea' id='block_1_5' title="bbox 30 3918 1229 4351">
    <p class='ocr_par' dir='ltr' id='par_1_5' title="bbox 30 3918 1229 4264">
     <span class='ocr_line' id='line_1_43' title="bbox 30 3918 1228 4009; baseline -0.008 -19"><span class='ocrx_word' id='word_1_383' title='bbox 30 3959 33 3966; x_wconf 53' lang='lat'><strong>⁴</strong></span> <span class='ocrx_word' id='word_1_384' title='bbox 141 3933 194 4009; x_wconf 87' lang='lat' dir='ltr'><strong>da,</strong></span> <span class='ocrx_word' id='word_1_385' title='bbox 223 3932 274 3989; x_wconf 89' lang='lat' dir='ltr'><strong>sed</strong></span> <span class='ocrx_word' id='word_1_386' title='bbox 292 3931 398 3990; x_wconf 88' lang='lat' dir='ltr'><strong>amala</strong></span> <span class='ocrx_word' id='word_1_387' title='bbox 414 3931 542 4008; x_wconf 88' lang='lat' dir='ltr'><strong>quapiam</strong></span> <span class='ocrx_word' id='word_1_388' title='bbox 561 3949 652 3990; x_wconf 87' lang='lat' dir='ltr'><strong>manu.</strong></span> <span class='ocrx_word' id='word_1_389' title='bbox 693 3947 745 3987; x_wconf 89' lang='lat' dir='ltr'><strong>nec</strong></span> <span class='ocrx_word' id='word_1_390' title='bbox 765 3928 937 3986; x_wconf 86' lang='lat' dir='ltr'><strong>consuetudo</strong></span> <span class='ocrx_word' id='word_1_391' title='bbox 956 3925 1159 3984; x_wconf 86' lang='lat' dir='ltr'><strong>Germanorum</strong></span> <span class='ocrx_word' id='word_1_392' title='bbox 1177 3918 1228 3976; x_wconf 81' lang='lat' dir='ltr'><strong>tri·</strong></span> 
     </span>
     <span class='ocr_line' id='line_1_44' title="bbox 140 4009 1227 4098; baseline -0.015 -24"><span class='ocrx_word' id='word_1_393' title='bbox 140 4018 271 4077; x_wconf 90' lang='lat' dir='ltr'><strong>cesimum</strong></span> <span class='ocrx_word' id='word_1_394' title='bbox 290 4023 449 4094; x_wconf 87' lang='lat' dir='ltr'><strong>assumptae</strong></span> <span class='ocrx_word' id='word_1_395' title='bbox 468 4017 581 4093; x_wconf 83' lang='lat' dir='ltr'><strong>virginis</strong></span> <span class='ocrx_word' id='word_1_396' title='bbox 602 4014 797 4074; x_wconf 88' lang='lat' dir='ltr'><strong>celebrantium</strong></span> <span class='ocrx_word' id='word_1_397' title='bbox 818 4011 970 4087; x_wconf 87' lang='lat' dir='ltr'><strong>quidquam</strong></span> <span class='ocrx_word' id='word_1_398' title='bbox 984 4009 1056 4066; x_wconf 87' lang='lat' dir='ltr'><strong>hanc</strong></span> <span class='ocrx_word' id='word_1_399' title='bbox 1069 4021 1227 4098; x_wconf 77' lang='lat' dir='ltr'><strong>persuasio-</strong></span> 
     </span>
     <span class='ocr_line' id='line_1_45' title="bbox 141 4085 1228 4175; baseline -0.016 -17"><span class='ocrx_word' id='word_1_400' title='bbox 141 4119 205 4160; x_wconf 89' lang='lat' dir='ltr'><strong>nem</strong></span> <span class='ocrx_word' id='word_1_401' title='bbox 231 4103 320 4159; x_wconf 88' lang='lat' dir='ltr'><strong>iuvat:</strong></span> <span class='ocrx_word' id='word_1_402' title='bbox 347 4121 405 4162; x_wconf 90' lang='lat' dir='ltr'><strong>uon</strong></span> <span class='ocrx_word' id='word_1_403' title='bbox 429 4101 502 4160; x_wconf 90' lang='lat' dir='ltr'><strong>enirn</strong></span> <span class='ocrx_word' id='word_1_404' title='bbox 521 4102 551 4159; x_wconf 93' lang='lat' dir='ltr'><strong>id</strong></span> <span class='ocrx_word' id='word_1_405' title='bbox 573 4102 678 4160; x_wconf 82' lang='lat' dir='ltr'><strong>faciunt</strong></span> <span class='ocrx_word' id='word_1_406' title='bbox 700 4099 779 4175; x_wconf 86' lang='lat' dir='ltr'><strong>quasi</strong></span> <span class='ocrx_word' id='word_1_407' title='bbox 799 4097 937 4155; x_wconf 89' lang='lat' dir='ltr'><strong>tricesimo</strong></span> <span class='ocrx_word' id='word_1_408' title='bbox 958 4097 1069 4152; x_wconf 89' lang='lat' dir='ltr'><strong>demum</strong></span> <span class='ocrx_word' id='word_1_409' title='bbox 1089 4090 1135 4147; x_wconf 86' lang='lat' dir='ltr'><strong>die</strong></span> <span class='ocrx_word' id='word_1_410' title='bbox 1154 4085 1228 4143; x_wconf 78' lang='lat' dir='ltr'><strong>reds-</strong></span> 
     </span>
     <span class='ocr_line' id='line_1_46' title="bbox 140 4174 1229 4264; baseline -0.011 -22"><span class='ocrx_word' id='word_1_411' title='bbox 140 4187 203 4244; x_wconf 88' lang='lat' dir='ltr'><strong>viva</strong></span> <span class='ocrx_word' id='word_1_412' title='bbox 222 4187 252 4244; x_wconf 91' lang='lat' dir='ltr'><strong>in</strong></span> <span class='ocrx_word' id='word_1_413' title='bbox 271 4185 361 4248; x_wconf 85' lang='lat' dir='ltr'><strong>caelos</strong></span> <span class='ocrx_word' id='word_1_414' title='bbox 378 4186 499 4246; x_wconf 86' lang='lat' dir='ltr'><strong>exaltata</strong></span> <span class='ocrx_word' id='word_1_415' title='bbox 517 4187 616 4264; x_wconf 86' lang='lat' dir='ltr'><strong>fuerit,</strong></span> <span class='ocrx_word' id='word_1_416' title='bbox 643 4186 694 4244; x_wconf 89' lang='lat' dir='ltr'><strong>sed</strong></span> <span class='ocrx_word' id='word_1_417' title='bbox 711 4184 779 4243; x_wconf 91' lang='lat' dir='ltr'><strong>totis</strong></span> <span class='ocrx_word' id='word_1_418' title='bbox 799 4181 852 4240; x_wconf 92' lang='lat' dir='ltr'><strong>illis</strong></span> <span class='ocrx_word' id='word_1_419' title='bbox 868 4182 983 4259; x_wconf 85' lang='lat' dir='ltr'><strong>triginta</strong></span> <span class='ocrx_word' id='word_1_420' title='bbox 1004 4174 1101 4234; x_wconf 88' lang='lat' dir='ltr'><strong>diebus</strong></span> <span class='ocrx_word' id='word_1_421' title='bbox 1121 4188 1229 4230; x_wconf 86' lang='lat' dir='ltr'><strong>assum-</strong></span> 
     </span>
    </p>

    <p class='ocr_par' dir='ltr' id='par_1_6' title="bbox 69 4259 1227 4351">
     <span class='ocr_line' id='line_1_47' title="bbox 69 4259 1227 4351; baseline -0.019 -16"><span class='ocrx_word' id='word_1_422' title='bbox 69 4275 76 4291; x_wconf 86' lang='lat'><strong><em>‘</em></strong></span> <span class='ocrx_word' id='word_1_423' title='bbox 140 4270 202 4351; x_wconf 83' lang='lat' dir='ltr'><strong>ptio</strong></span> <span class='ocrx_word' id='word_1_424' title='bbox 222 4271 252 4332; x_wconf 89' lang='lat' dir='ltr'><strong>in</strong></span> <span class='ocrx_word' id='word_1_425' title='bbox 271 4272 377 4336; x_wconf 60' lang='lat' dir='ltr'><strong>mum</strong></span> <span class='ocrx_word' id='word_1_426' title='bbox 396 4274 493 4336; x_wconf 84' lang='lat' dir='ltr'><strong>stetim</strong></span> <span class='ocrx_word' id='word_1_427' title='bbox 512 4292 531 4335; x_wconf 89' lang='lat' dir='ltr'><strong>a</strong></span> <span class='ocrx_word' id='word_1_428' title='bbox 549 4277 640 4334; x_wconf 87' lang='lat' dir='ltr'><strong>morte</strong></span> <span class='ocrx_word' id='word_1_429' title='bbox 657 4270 734 4332; x_wconf 83' lang='lat' dir='ltr'><strong>iacta</strong></span> <span class='ocrx_word' id='word_1_430' title='bbox 743 4269 915 4330; x_wconf 88' lang='lat' dir='ltr'><strong>decantatur.</strong></span> <span class='ocrx_word' id='word_1_431' title='bbox 958 4259 1058 4324; x_wconf 86' lang='lat' dir='ltr'><strong>Graeci</strong></span> <span class='ocrx_word' id='word_1_432' title='bbox 1071 4259 1227 4336; x_wconf 88' lang='lat' dir='ltr'><strong>uouagunt</strong></span> 
     </span>
    </p>
   </div>
   <div class='ocr_carea' id='block_1_6' title="bbox 0 0 1404 4690">
    <p class='ocr_par' dir='ltr' id='par_1_7' title="bbox 0 0 1404 4690">
     <span class='ocr_line' id='line_1_48' title="bbox 0 0 1404 4690; baseline 0 0"><span class='ocrx_word' id='word_1_433' title='bbox 0 0 1404 4690; x_wconf 95' lang='lat' dir='ltr'><strong> </strong></span> 
     </span>
    </p>
   </div>
  </div>
 </body>
</html>
