2798 4690
436 339 443 418 ζ
517 279 562 352 IN
585 281 837 416 coumlxcuP.
862 287 913 356 ν’.
1062 315 1065 334 ν
1189 287 1270 360 269

173 445 204 504 oi
229 437 387 518 ρἁἃοῦχοι.
432 445 621 516 pupuiudtrue
644 446 719 502 etiem
744 437 804 516 tege
825 447 866 504 iu¹
880 449 1015 515 Anonymo
1036 437 1272 515 meoi'tiuruoroio.

166 516 240 580 ‘oium
262 517 296 570 ed
319 515 489 584 aquilonarem
516 518 567 584 τῆς
590 512 693 584 πόρπης
717 518 783 586 regii
808 517 926 583 tentorii,
952 517 985 570 ad
1011 516 1078 585 quud
1105 517 1273 584 excubabant,

173 594 284 659 partem,
302 585 437 639 stationem
456 585 482 637 in
498 585 612 668 erercitu
638 586 775 670 habuisse..
801 588 958 670 praefectum
989 601 1075 670 aarum
1097 580 1200 668 urinum
1221 583 1273 642 uci-

171 653 1275 796 “iiiiiittititttiitffttnittii{attibuit‘'tittttt

171 745 324 882 beonia-F,
342 794 379 878 epi
395 795 447 846 τοῦ
461 792 666 880 propiciatione,
682 793 721 846 ita
738 792 840 877 scribit,
866 787 933 866 ἀξίᾳ
950 791 1085 875 τιμηθείς.
1119 799 1149 845 at
1164 810 1196 846 ne
1213 794 1273 864 quia

172 861 667 997 titiant“tittit‘itti‘ii
682 863 1274 1002 “adibitittiiti'irtitttit

172 1003 252 1054 iocor
269 999 456 1070 puppiudimpv
466 994 523 1052 cdv
539 997 792 1071 Muopodeddropov
806 996 878 1070 ξίφει
894 994 1003 1053 deciate
1019 991 1070 1054 miv
1083 996 1225 1070 μοναχόν,
1243 1009 1272 1054 ut

171 1071 249 1142 quid,
266 1070 314 1122 nisi
334 1074 363 1120 ut
379 1069 465 1122 officio
481 1064 650 1136 fungeretur?
1026 1137 1027 1140 Ἴ

167 1232 172 1248 ,
241 1171 275 1227 ib.
291 1187 317 1222 r.
336 1168 379 1227 15.
396 1165 603 1243 πριμμικήριον]
619 1169 663 1241 qui
678 1169 867 1244 pcppiniiirnc
882 1171 910 1224 et
924 1164 1011 1240 κόμης
1027 1163 1145 1240 πόρπης,
1169 1169 1203 1223 de
1219 1185 1270 1240 quo

171 1246 234 1294 uoto
249 1239 389 1310 superiore.

255 1366 282 1426 p.
298 1349 338 1409 39
353 1365 379 1404 v.
396 1347 443 1408 12.
485 1339 706 1426 ouoiio'puypoe
740 1363 836 1422 mongo
864 1363 968 1406 cauum.
1004 1343 1124 1402 Glossae
1151 1339 1269 1408 Latino-

171 1429 309 1490 Graecae:
331 1449 427 1506 mcngo
442 1425 641 1510 κυνοτρὸφος.
669 1429 765 1490 Iunius
778 1430 913 1498 libentius
924 1429 1030 1508 legeret
1049 1423 1271 1509 ouuiiopayyo'-

168 1539 242 1579 unu.
263 1517 364 1592 quibus
382 1522 510 1593 praeerat
528 1513 546 1577 d
563 1509 811 1598 mpmrouuvnpo'r,
832 1523 959 1593 magister
979 1535 1030 1574 seu
1048 1518 1171 1594 princeps
1188 1534 1271 1574 aena·
1310 1570 1311 1575 ,

169 1607 262 1662 torum.
283 1621 350 1659 nam
365 1606 398 1660 ut
411 1601 513 1679 hodie,
530 1601 570 1658 sic
580 1607 610 1660 et
620 1600 684 1659 oiim
699 1601 812 1678 regibus
831 1607 861 1658 et
877 1601 1047 1680 principibus
1060 1599 1172 1659 venatio
1185 1608 1268 1658 curae

168 1691 247 1763 erat,
273 1687 370 1744 forsan
388 1686 506 1765 nimiae,
525 1685 627 1744 saltem
643 1686 798 1745 interdum:
820 1706 885 1745 nem
906 1687 1020 1762 quando
1042 1685 1179 1762 Balgaros
1196 1686 1268 1761 Scy-

168 1772 233 1829 thas
247 1769 411 1828 Patzinacas
430 1771 584 1828 Saracenos
608 1769 718 1830 Turcas
743 1771 883 1851 principes
903 1771 1047 1850 Cpoiitaui
1065 1771 1161 1830 venari
1181 1771 1268 1830 debe-

168 1856 255 1932 bant,
275 1853 330 1932 ipsi
343 1855 516 1914 venabantur
529 1875 625 1914 cervos
642 1873 729 1934 apros
747 1875 828 1917 ursos
850 1861 880 1914 et
899 1856 1000 1914 similia
1019 1855 1187 1933 animantia,
1208 1873 1268 1915 nou

167 1943 229 2001 sine
245 1941 352 2017 ingenti
365 1941 508 2018 impensa,
528 1959 601 2018 quae
615 1942 770 1999 necessario
783 1942 912 2000 facienda
925 1947 986 1999 erat
1009 1946 1068 2000 tam
1087 1937 1119 1998 in
1140 1940 1268 1999 homines

168 2045 255 2102 quam
268 2027 298 2084 in
311 2045 401 2084 canes.
422 2025 470 2083 ubi
483 2027 597 2086 modum
612 2027 724 2086 minime
738 2028 860 2087 omnium
874 2027 965 2085 tenuit
977 2023 1154 2084 Andronicus
1169 2024 1269 2084 Palae-

168 2112 268 2188 ologus
283 2111 378 2170 Iunior
398 2111 564 2190 imperator,
584 2113 690 2188 dequo
711 2113 853 2190 Gregoras
870 2113 923 2171 sub
942 2112 1026 2171 tinem
1040 2129 1107 2169 suae
1119 2111 1268 2172 historiae:

56 2235 59 2245 ·
169 2217 248 2256 conce
263 2201 288 2254 ct
306 2201 517 2256 cucumerum
531 2216 627 2273 magno
644 2199 734 2256 ciebat
756 2217 878 2270 nummo3
899 2199 994 2277 quibua
1012 2201 1055 2256 tta
1075 2202 1132 2255 crat
1154 2197 1269 2270 deditur,

168 2289 200 2342 ut
219 2287 246 2342 ei
271 2286 331 2360 quis
353 2300 411 2340 eum
431 2283 556 2341 aditurus
583 2301 674 2341 canem
700 2289 750 2341 cut
778 2302 850 2342 noun
873 2284 992 2360 offerret,
1016 2281 1269 2361 facillimecompoe
1309 2291 1312 2298 '

168 2371 226 2426 uoti
251 2367 413 2431 redderetur.
452 2387 519 2446 pecc
546 2371 635 2426 ommia
664 2365 867 2428 Contucuzenns
888 2371 1026 2446 port'ciue
1046 2367 1145 2428 obitum
1164 2371 1201 2426 tir
1220 2369 1269 2446 ‹pci

166 2453 290 2532 petebant
316 2453 467 2526 distribuit,
495 2473 554 2512 cum
582 2453 792 2530 magnitudinem
820 2460 971 2532 sumptuum
996 2459 1144 2531 rqrutcret,
1165 2457 1192 2512 d
1212 2471 1267 2512 rem

157 2541 254 2616 ,ipram
274 2541 383 2618 imperio
402 2557 455 2595 non
474 2538 549 2596 modo
567 2540 686 2598 inutilem
706 2539 752 2597 red
764 2542 843 2598 enam
854 2539 1029 2618 periculosam
1042 2538 1189 2598 indiceret:
1203 2556 1267 2596 nom
1325 2574 1328 2582 ·

167 2623 314 2702 quindecim
337 2642 476 2682 aureorum
496 2623 573 2682 mitia
596 2628 759 2702 imperatorii
776 2625 844 2702 suci
859 2631 1041 2704 procuratores
1060 2624 1135 2682 cultra
1157 2628 1267 2682 murcia

165 2727 258 2767 morem
275 2711 304 2767 in
325 2728 370 2767 ear
389 2727 430 2766 res
450 2725 562 2786 capenae
581 2711 748 2768 rettulerunt.
775 2728 921 2768 numerum
939 2714 1084 2768 canumet
1103 2709 1196 2768 enimn
1215 2725 1266 2765 ve-

165 2794 319 2852 naticarum
345 2790 499 2850 Andronici
520 2796 658 2872 expressit
685 2794 827 2854 Phranzes
851 2795 870 2854 L
894 2801 910 2856 1
933 2795 1065 2854 Chronici
1085 2814 1109 2853 c
1131 2796 1178 2856 12.
1202 2792 1265 2872 suit

165 2878 331 2938 Andronicus
357 2881 505 2937 amotionis
528 2881 726 2958 cupidissimus:
752 2875 842 2940 olebot
869 2900 947 2941 curuo
972 2880 1085 2958 amplius
1104 2879 1176 2938 mitte
1196 2897 1265 2958 qun-

166 2962 334 3044 dringentm,
355 2983 418 3022 cuer
440 2967 496 3024 rive
515 2969 655 3044 accipitres
679 2985 761 3044 cupro
786 2965 858 3025 mitte
877 2966 1103 3046 quadringentom
1134 2984 1197 3044 qum
1216 2965 1265 3042 qui

166 3055 288 3106 curarent
297 3093 308 3121 ,
328 3049 508 3128 propemodum
528 3051 635 3110 totidem
654 3051 868 3110 numerabantur.

234 3161 298 3214 ibid.
334 3158 446 3225 oudttoe
478 3166 550 3216 conia
580 3171 633 3230 est,
651 3182 701 3220 nou
731 3164 860 3220 hodiernis
889 3165 978 3228 modo,
1008 3163 1055 3216 aad
1082 3167 1110 3218 et
1139 3161 1259 3230 antiquie,

167 3245 223 3280 cum
241 3229 351 3298 Scyllam
388 3231 478 3284 uellam
493 3233 519 3284 in
537 3233 605 3286 freto
623 3235 708 3286 Siculo
725 3252 741 3287 e
759 3235 863 3287 canibus
886 3235 994 3288 obsitam
1018 3228 1136 3286 murittae
1160 3248 1259 3298 comem,

161 3299 290 3366 seminam
314 3247 454 3368 mytbologi
476 3302 633 3354 vocaverint.
667 3297 770 3372 poippoc
794 3310 855 3355 nota
876 3320 944 3368 vox,
970 3321 1002 3355 ex
1027 3319 1076 3370 qua
1101 3317 1157 3352 cum
1174 3300 1260 3369 priore

164 3362 376 3435 ouuttopoippoe.
411 3370 516 3421 eundem
537 3370 649 3422 arbitror
673 3389 748 3440 quem
773 3371 908 3424 Sciiiorum
926 3371 994 3439 (τῶν
1010 3369 1156 3435 cuuttimv)
1174 3377 1262 3422 custo-

164 3435 221 3489 dem
238 3436 409 3506 Luitprandus
425 3438 515 3492 scribit
529 3439 602 3490 initio
619 3440 782 3508 Legatiouise
801 3441 873 3496 cuim
889 3441 950 3494 fidei
972 3439 1053 3512 (quod
1069 3455 1120 3492 uon
1136 3437 1263 3506 advertit)

163 3503 222 3576 ipse
237 3503 266 3558 in
283 3511 453 3577 contemptum
468 3507 518 3562 tuit
530 3507 687 3564 commissus.

248 3613 286 3672 tc.
306 3631 332 3670 v.
353 3613 402 3676 15·
441 3608 477 3675 ui
507 3612 655 3694 diditione
679 3613 776 3692 duplex
795 3632 847 3673 sen
876 3617 1007 3692 geminum
1034 3614 1130 3674 oetam.
1166 3613 1262 3673 Iunius

163 3695 270 3772 ubique
287 3697 436 3756 inscienter
448 3699 539 3758 diuum
559 3699 665 3774 uelum,
683 3717 718 3756 ex
730 3697 840 3758 Latinis
854 3701 931 3760 diuus
952 3706 982 3758 et
994 3699 1098 3770 uelum3
1128 3706 1158 3758 et
1180 3699 1263 3756 insci—

151 3784 256 3840 entiae
267 3783 359 3842 adhuc
372 3783 453 3844 huius
467 3803 536 3844 suae
554 3785 721 3864 opinationis
741 3792 772 3844 et
792 3785 982 3864 originationis
1002 3786 1138 3848 rationem
1159 3785 1261 3844 reddit

163 3865 241 3944 legat
256 3887 339 3944 quem
356 3888 448 3947 nugae
462 3869 611 3929 delectant.
633 3871 731 3930 vocula
746 3873 794 3948 dc,
816 3879 849 3932 ut
868 3872 898 3930 in
916 3871 994 3947 aliis,
1015 3872 1056 3929 ita
1069 3878 1099 3931 et
1111 3871 1156 3930 hic
1173 3871 1261 3946 gemi-

163 3954 250 4010 nandi
262 3959 331 4012 nota
345 3960 397 4014 est.
419 3961 481 4014 erat
495 3957 548 4015 hoc
565 3956 700 4014 dioeltium
718 3976 768 4016 seu
792 3958 916 4017 diocliam
929 3955 1058 4015 vexillum
1076 3955 1261 4033 imperatoris,

162 4039 273 4114 gemino
284 4039 346 4097 velo
360 4046 506 4119 constans,
528 4042 608 4118 quasi
629 4043 704 4100 dicas
728 4043 857 4122 diaetam,
878 4043 955 4119 quod
973 4040 1132 4121 imperatori
1149 4058 1260 4118 semper

162 4140 180 4178 a
197 4125 317 4184 scuterio
331 4145 381 4184 seu
397 4129 528 4186 scutifero
541 4127 756 4208 praeferebatur.

230 4237 295 4293 ibid.
332 4240 460 4296 Meursiue
491 4242 615 4296 rreaittum
650 4242 816 4312 imperatorie
851 4242 972 4310 bifidum,
1006 4240 1147 4292 cromerus
1177 4239 1260 4292 aerit-

160 4304 215 4360 tum
231 4307 396 4378 imperatorie
411 4314 517 4384 gemino
534 4314 591 4368 acto
609 4320 736 4370 comtum.
758 4311 802 4364 iiic
818 4309 923 4365 iterum:
941 4307 994 4362 utri
1010 4308 1087 4373 docti,
1106 4305 1203 4361 Iunium
1218 4306 1258 4360 iu·
