2802 4686
262 345 279 392 ,
373 343 374 350 a
492 295 538 364 ru
558 297 707 366 corun
737 301 823 368 cir
845 301 870 366 1
1156 303 1227 374 ιιι

135 460 344 566 ιιρπιιιιιιιιιι
356 410 567 536 amandantur-3
587 481 646 527 uno
658 463 744 524 verbo
758 465 895 528 ιιιδιονοι
914 465 1006 526 dicere
1022 467 1121 546 passis
1162 490 1230 548 κρι

134 547 190 626 aris
204 551 263 608 caia
280 541 359 610 ὅλοιν
372 546 550 612 irradiatae
565 553 627 612 raia
647 548 909 630 δκκλησιαοιικοδν,
940 551 1066 632 ἔχων
1031 575 1083 624 cap
1099 549 1227 634 γαμικδς

134 629 313 708 ὑποθέσεις,
339 634 420 694 iudea
433 637 546 694 mnium
557 635 793 696 eccleciacticaraar
807 655 947 699 ιονιαιιιιο
959 644 984 698 ιι
997 638 1230 698 autrimombliaac

136 720 378 779 controversiarum.
421 713 497 780 α’δλδ
515 719 567 782 καὶ
590 720 622 784 ἐν
640 727 705 793 ταῖς
721 725 842 795 λοιπαῖς
867 723 927 784 raia
945 726 1097 803 κιηρικιδν
1110 719 1226 784 datat-

135 820 217 867 σεσιν
233 801 367 876 ἔκδικος,
401 801 443 878 alc
462 800 544 878 ciriaci
568 807 625 867 rari
650 799 808 890 οἷρχιερέως
830 806 909 884 χείρ,
938 811 1003 884 qaia
1023 811 1079 864 et
1066 827 1096 866 ιιι
1119 812 1227 868 ιοιιιιιι

135 887 285 946 arenearum
310 890 399 948 courir
423 892 543 964 cognitor
564 895 590 948 ct
607 889 688 950 iadec
710 895 748 948 ert
768 897 793 948 ct
805 895 934 968 tanquam
945 891 1040 950 dacica
1055 894 1226 968 patriarchae

133 990 243 1043 aaran
263 991 321 1050 quo
338 973 450 1032 nomine
461 974 580 1034 allicitur
594 973 708 1034 ctiama
727 975 908 1052 Balsamone,
936 977 985 1051 qui
1001 977 1230 1055 chartophylacem

134 1079 162 1118 οι
176 1065 202 1116 ct
216 1057 295 1118 labra
309 1059 482 1136 patriarchae
497 1065 594 1134 vocat,
614 1060 710 1136 aitque
721 1077 782 1118 esse
800 1060 972 1137 patriarchae
985 1061 1014 1118 id
1037 1062 1114 1137 quod
1134 1061 1228 1139 Moysi

132 1143 186 1201 fuit
203 1140 299 1200 Aaron
316 1150 346 1202 et
366 1143 475 1202 Baruch
494 1144 663 1217 Hieremiae3
693 1146 770 1203 cuius
785 1146 966 1204 chirotonium
980 1151 1009 1204 et
1024 1148 1226 1207 ordinationem
1304 1167 1307 1176 ’

132 1229 245 1304 copiose
259 1228 398 1287 describit.
438 1228 629 1304 fierinamque
647 1236 793 1289 consuerat
817 1249 879 1290 curn
899 1231 1074 1310 impositione
1094 1249 1226 1290 manuum

133 1318 163 1370 et
180 1314 351 1392 appensione
364 1315 566 1396 βοοιοοτηριοο
582 1316 617 1374 de
632 1321 745 1393 pectore
763 1317 851 1374 instar
864 1319 1004 1376 rationulis
1024 1314 1154 1376 Aarorriei
1174 1319 1225 1376 de-

133 1399 296 1478 pendentis,
323 1399 496 1476 dariumque
511 1401 677 1477 traditione,
708 1419 827 1476 quorum
846 1401 968 1460 omniurn
986 1403 1118 1477 mysteria
1135 1400 1224 1460 fusius

134 1488 243 1542 enarrat
263 1483 427 1562 Balsamon,
457 1486 518 1563 ipse
546 1486 631 1544 etiam
650 1487 705 1544 hac
728 1506 841 1546 munere
866 1487 1015 1564 aliquando
1036 1487 1164 1564 functus,
1190 1496 1224 1546 ut

134 1571 273 1628 testatur
265 1588 294 1627 in
311 1571 513 1669 disceptatione
533 1573 654 1648 quadam
667 1571 861 1630 matrimoniali
879 1571 1017 1634 17Iuris
1037 1571 1093 1630 GR
1113 1579 1179 1632 tom.
1205 1575 1222 1634 1

132 1654 264 1717 r01.458
281 1655 369 1730 quiet
383 1655 426 1713 his
439 1656 530 1714 verbis
545 1655 702 1714 officium
679 1675 740 1713 erus
752 1662 917 1734 exaggerat·
943 1652 996 1730 τδς
1011 1651 1224 1738 παιριαρχικδς

133 1733 307 1818 διαγνώσεις
334 1745 541 1838 auitappapsi
558 1738 657 1800 acal
635 1748 829 1820 νπογραφαῑς
853 1739 977 1840 placiule
1005 1739 1057 1802 arai
1082 1749 1224 1822 σφραγῖσι
1277 1757 1280 1764 ’

130 1821 323 1927 καιιμπεδοῖ,
343 1823 395 1888 aral
413 1817 747 1928 μεγάλουδικαστηρίον
767 1819 973 1928 προκάθηται,
1002 1824 1055 1886 aral
1074 1827 1222 1926 δικαιοδρ·

131 1913 264 1970 τεῖιιαια
256 1902 332 1986 pia
346 1903 456 1982 παντὸς
470 1899 655 1988 iadpairraa,
682 1908 789 1969 aul‘'
756 1931 824 1982 οιας
845 1933 884 1971 αν
908 1907 954 1987 εἴη
978 1905 1069 2008 τύχης
1088 1909 1139 1972 και
1162 1905 1225 1987 (pri

132 2011 223 2064 σονς,
242 1990 319 2092 περὶ
339 1991 586 2098 ἔκκιηριασιικοδν
614 1988 788 2072 ζητημάτων
806 1991 857 2054 καὶ
879 1987 1060 2072 σφαλμάτων
1085 1999 1225 2072 ψυχικῶν

132 2069 342 2158 διορθώσεως,
364 2100 440 2138 aare
433 2073 487 2139 δὲ
507 2075 675 2179 ἱερωμένων
690 2101 740 2139 και
758 2081 896 2158 μοναχῶν
916 2077 984 2162 περὶ
1007 2073 1105 2158 πάσης
1123 2079 1226 2160 ἐγκιη

132 2164 259 2243 perraria
274 2161 323 2224 nal
339 2166 520 2242 χρηματικῆς
535 2157 699 2233 οιίιιοῖοιοις

216 2245 309 2309 Etiam
351 2253 419 2306 ante
460 2248 607 2326 episcopos
654 2246 785 2322 sedebat,
823 2263 895 2324 quae
931 2247 1127 2326 praerogativa
1163 2267 1227 2308 cum

131 2330 282 2390 multorum
313 2332 376 2390 telis
411 2329 475 2390 olim
511 2337 706 2410 appeteretur,
757 2331 872 2390 defensa
895 2338 940 2390 est
981 2334 1094 2410 proprio
1133 2335 1225 2393 edicto

133 2415 168 2472 ab
192 2414 300 2474 Alexio·
313 2417 475 2494 Comneno,
510 2418 588 2492 quod
617 2414 800 2475 Leunclavius
828 2416 916 2476 edidit
952 2423 1100 2494 totumque
1124 2422 1223 2478 recitat
1240 2431 1261 2485 P
1281 2433 1331 2485 160

133 2497 283 2559 Balsariron
300 2501 330 2560 in
354 2519 406 2566 sua
425 2501 524 2562 Melcte
539 2521 589 2560 seu
600 2501 806 2580 disceptatione
824 2522 875 2579 pro
897 2502 1110 2582 chartophylace
1127 2512 1225 2566 contra

134 2587 338 2664 protecdicum,
360 2587 409 2663 qui
419 2593 449 2646 et
462 2588 523 2664 ipse
533 2586 739 2665 chartophylaci
752 2587 828 2644 litem
839 2587 875 2646 de
892 2587 953 2646 loco
972 2595 1001 2646 et
1025 2591 1146 2648 statione
1163 2611 1224 2649 rno-

133 2677 226 2749 rerat,
250 2673 301 2730 sed
312 2671 505 2731 Balsamonem
522 2678 672 2750 patronum
695 2679 725 2730 et
746 2673 912 2731 advocatum
931 2691 990 2730 nou
1011 2674 1174 2733 indisertum
1194 2681 1224 2733 ct

133 2754 163 2815 in
180 2756 234 2816 hoc
250 2765 363 2816 munere
382 2757 451 2816 satis
475 2758 654 2817 exercitatum
680 2757 797 2834 reperit;
828 2775 911 2833 quem
933 2756 1023 2817 solnm
1041 2758 1081 2817 ait
1103 2777 1136 2818 ex
1159 2766 1223 2819 toto

131 2843 193 2903 τοδν
213 2842 455 2922 προκαθημένων
474 2861 591 2902 numero
616 2843 794 2900 honestatum
811 2861 872 2902 esse
894 2844 1010 2920 geminis
1033 2843 1222 2902 ecclesiasticis

132 2927 290 3004 ordinibus,
317 2928 444 2986 nimirum
463 2931 626 3006 episcopatur
645 2933 676 2986 et
692 2931 843 3005 socraticis,
862 2930 928 3005 quia
948 2947 1005 2988 non
1021 2930 1106 2988 moda
1125 2949 1223 2988 causas

132 3013 297 3089 temporales
317 3011 505 3090 cognoscebat
520 3019 655 3089 tanquam
674 3013 772 3090 iudex,
804 3013 854 3070 sed
877 3018 907 3071 et
925 3013 1082 3092 spirituales
1102 3015 1222 3074 animae-

132 3114 188 3172 que
198 3097 315 3155 salutem
328 3105 524 3156 concernentes
540 3095 725 3176 diiudicabat,
745 3115 863 3196 eamque
877 3099 935 3156 fere
949 3099 1012 3158 his'
1005 3117 1033 3156 ιιι
1044 3099 1128 3158 rebus
1142 3107 1223 3178 pote·

131 3187 234 3241 statem
260 3182 381 3242 habebat
399 3201 457 3260 qua
471 3202 546 3242 nunc
564 3184 683 3262 praediti
702 3189 769 3242 sunt
785 3185 979 3262 episcoporum
998 3190 1157 3245 nostranun
1183 3188 1224 3244 vi-

129 3267 205 3327 carii
508 3309 511 3318 .

138 3387 139 3394 1
217 3347 293 3407 Olim
325 3368 438 3427 qnoque
474 3369 558 3410 aurea
590 3351 661 3410 tiara
689 3351 837 3428 insignitus
869 3350 944 3410 foras
980 3351 1127 3430 prodibat,
1159 3352 1224 3412 licet

129 3434 206 3494 hunc
224 3453 330 3492 morem
351 3437 405 3494 ianr
424 3455 475 3494 sua
499 3441 592 3494 aetate
624 3435 739 3494 desiisse
762 3435 912 3495 Balsamon
938 3437 1048 3495 scribat.
1096 3438 1126 3495 in
1149 3439 1224 3497 festo
1253 3491 1255 3497 ,

130 3526 225 3578 tamen
267 3525 427 3578 sanctorum
468 3523 640 3580 notariorum
671 3521 787 3578 maxime
817 3522 979 3598 magnificus
1020 3527 1080 3580 crat
1112 3521 1224 3582 charta

127 3605 249 3682 phylax3
277 3607 354 3663 cuius
373 3605 490 3683 gloriam
506 3607 547 3664 ita
566 3605 699 3664 describit
719 3604 868 3664 Balsaman
889 3607 925 3664 ad
941 3605 1033 3664 Phatii
1046 3589 1225 3667 Namacano·

129 3707 194 3748 nem
211 3691 254 3749 tit.
278 3694 298 3754 8
323 3711 346 3749 c
373 3698 406 3754 1:
437 3687 544 3752 οκατδι
566 3685 691 3794 καιροδς
709 3685 939 3797 χαρτορδιαξ’
919 3687 978 3752 οπδ
1001 3696 1055 3754 cari
1073 3689 1225 3774 παρόντος

130 3774 248 3837 ἰδίκιου
261 3777 427 3838 δικαιοῦται
440 3771 666 3882 κοβαιλικειδειν
679 3772 753 3836 καιδ
771 3798 827 3854 την
841 3772 925 3854 λιτήν
940 3780 999 3837 raia
1022 3774 1117 3857 ciytua
1135 3799 1223 3839 νοια

129 3853 247 3941 ρδων
219 3883 251 3921 το
272 3856 484 3964 παιριαρχικδν
498 3857 610 3940 διογον
625 3856 698 3939 μετὰ
716 3853 844 3923 dioclea
865 3865 983 3922 λευκοῦ
1027 3860 1086 3924 ἔδει
1111 3860 1144 3925 δὲ
1165 3859 1223 3940 cria
1275 3873 1278 3880 ⁴

128 3940 263 4023 κεφαλην
286 3939 381 4006 αὐτοῦ
402 3943 444 4019 οἷς
459 3945 659 4053 καιδηναριου
673 3967 884 4026 πατριαρχικοο
873 3944 1065 4009 artocreae
1079 3942 1150 4027 μειοδ
1167 3951 1223 4022 τῆς

128 4049 241 4108 χρποης
258 4025 379 4110 τιάρας,
399 4025 467 4107 ἥτις
486 4053 538 4092 και
527 4027 590 4092 ἒν
606 4053 647 4114 rep
636 4024 937 4131 χαριοφοιακιῳ’
916 4025 1080 4094 απδκειται.
1122 4029 1224 4089 Graeci

129 4115 308 4174 Cardinclem
320 4121 421 4174 vocant
432 4091 647 4198 κορδινδριον,
662 4109 875 4197 κορδιναιιον,
890 4107 1092 4194 καιδινδριον,
1112 4119 1222 4172 ιιιιιιοιο

160 4199 231 4260 int

129 4221 148 4280 ρ
213 4282 286 4345 Suos
308 4282 480 4346 habebatur
501 4283 556 4346 Ιιοο
582 4301 697 4344 munere
728 4283 922 4362 administros,
952 4287 982 4340 et
1003 4282 1078 4342 iuter
1097 4286 1222 4352 caeteras
