2798 4690
463 289 510 359 IN
538 289 688 360 aculus
714 289 799 364 GAP.
823 288 900 363 ΧΠ.
1155 286 1229 366 bl?

440 593 980 678 CAPUTVIR'

173 781 175 788 Α
212 828 336 910 p.r70v.
349 827 377 889 6.
397 777 547 904 Magnae
574 822 778 906 hebdomadae]
811 827 983 905 quibusdam
1003 825 1102 905 religio
1120 832 1165 886 est
1189 827 1232 886 di-

130 942 193 986 cere
207 921 369 984 babdaaada
383 919 564 986 hebdomadae.
606 921 659 980 sed
682 919 751 980 baec
772 919 868 998 religio
888 923 1117 1000 asaperstitione
1130 943 1231 1002 parum

130 1011 198 1070 abit.
240 1006 397 1068 adscribam
411 1005 455 1064 hic
469 1005 554 1065 verba
567 1003 733 1066 scholiastae
751 1003 885 1064 librorum
904 1007 943 1064 de
959 1005 1086 1068 Avaritia
1107 1009 1233 1070 Salviani

130 1093 327 1170 Massiliensis,
354 1092 392 1149 ad
418 1089 487 1150 illud
507 1090 659 1169 lampadam
679 1098 763 1154 ιιιαιιι.
819 1110 853 1149 ae
870 1093 930 1170 puts
947 1091 1022 1170 sorte
1040 1098 1118 1172 patet
1134 1098 1231 1156 attium

132 1200 187 1240 esse
201 1183 230 1238 a‘n
246 1172 296 1237 baa
310 1179 432 1250 natoue,
453 1180 479 1234 et
501 1175 675 1254 reponendam
698 1175 874 1254 lampadem,
895 1195 983 1252 mauu
996 1177 1148 1256 lampadam
1163 1201 1232 1260 quo-

134 1284 184 1345 que
204 1263 261 1322 dics·
279 1283 297 1324 a
316 1263 475 1321 aomobotiuo
494 1257 636 1341 lampada
677 1265 716 1322 stc
734 1260 913 1321 hebdomada
926 1261 1031 1326 Lotiaa
1044 1267 1232 1340 concoctione,

134 1367 203 1429 quae
216 1349 325 1407 Θιααιιι
338 1344 499 1407 hebdomos.
745 1409 749 1414 ,
1217 1399 1218 1402 ,

190 1487 192 1491 ,
217 1451 245 1509 p.
259 1431 301 1496 70
310 1448 337 1488 v.
352 1434 379 1495 8.
400 1428 540 1492 Meursius
553 1429 705 1504 admodum
718 1428 798 1495 auxie
811 1436 908 1490 monet
920 1449 957 1489 ne
970 1431 1050 1508 quis,
1071 1451 1135 1492 cum
1149 1433 1230 1512 audit
1245 1430 1268 1486 P
1284 1433 1338 1491 255

135 1522 269 1598 quattuor
291 1514 435 1591 evangelia
459 1513 532 1575 lecta
554 1534 631 1591 esse,
664 1515 821 1592 suspicetur
845 1516 1002 1576 totrods‘bloa
1025 1519 1231 1595 euangeliorum,
1270 1527 1271 1530 ’

102 1665 103 1670 1
134 1602 188 1661 lroc
207 1606 252 1659 est
271 1601 349 1679 ipsos
368 1595 494 1675 integros
516 1605 651 1674 quattuor
674 1598 880 1676 evangeliorum
907 1603 1119 1661 commentarios
1142 1601 1232 1662 lectos

135 1705 212 1759 esse;
235 1687 312 1761 quod
325 1684 406 1741 nirnis
419 1684 535 1760 longum
547 1685 655 1742 fuisset
697 1685 793 1758 itaque
808 1685 953 1746 articulum
965 1682 1017 1756 ια,
1039 1689 1232 1766 praepositum

134 1770 270 1831 vocabulo
283 1766 424 1848 τέσσαρα,
446 1767 572 1826 exsulare
592 1767 678 1826 iubet
720 1769 771 1825 sed
784 1768 808 1825 si
823 1768 994 1829 Graecorum
1011 1771 1124 1830 rituales
1145 1773 1233 1832 libros

136 1854 296 1932 diligentius
316 1853 498 1931 inspexisset,
519 1852 599 1910 aliter
620 1859 691 1931 puto
709 1869 796 1930 super
816 1851 868 1911 bac
886 1851 1148 1944 re'pronuntiasset.
1189 1859 1232 1920 ita

137 1941 210 2000 enim
228 1937 368 2018 Typicum
381 1937 474 1997 Sabae
491 1957 513 1996 c.
529 1937 569 2000 38
574 1978 585 2015 ‚
606 1947 694 2014 agens
716 1937 752 1995 de
766 1935 818 1996 hac
831 1937 952 2016 magade
965 1939 1148 2000 hebdomadis
1162 1943 1233 2004 feria

136 2018 272 2092 secunda:
300 2015 535 2105 dvcpsvoiaamas
557 2018 590 2083 dt
609 2019 642 2085 ro*
654 2021 909 2104 ιετραευαγγέλιον
922 2027 961 2110 τῇ
974 2019 1011 2104 β’,
1030 2029 1071 2110 τῇ
1082 2019 1108 2106 γ’
1126 2026 1177 2088 παὶ
1192 2031 1234 2110 τῇ

136 2103 176 2188 d‘,
196 2108 247 2172 aul
260 2109 436 2188 πληροῦται.
477 2127 513 2166 ne
534 2111 628 2167 autem
648 2107 796 2186 suspiceris
816 2113 927 2167 tautum
940 2116 1049 2187 partem
1062 2110 1184 2188 aliquam
1198 2131 1233 2174 ex
1262 2111 1263 2114 ’

139 2200 274 2272 quattuor
287 2193 435 2270 evangeliis
448 2191 549 2251 lectam
560 2211 632 2270 esse,
648 2191 713 2250 audi
725 2194 850 2252 eiusdem
865 2192 965 2273 Typici
978 2201 1120 2254 auctorem
1133 2199 1233 2258 eodem

137 2281 209 2339 loco.
251 2275 362 2340 εἰδέναι
376 2275 409 2341 δὲ
422 2273 478 2358 χρὴ
495 2272 587 2340 ὅτιτὸ
601 2274 677 2339 ansol
690 2281 858 2340 Ματθαῖον
872 2274 960 2360 ἅγιον
976 2273 1149 2364 εαάγγέλιον
1161 2277 1233 2346 ’ὅλον

138 2353 389 2446 ἀναγινώσκεται·
411 2360 522 2442 ὁμοίως
538 2357 590 2424 καὶ
605 2357 639 2424 ro'
653 2358 727 2424 nard
743 2358 878 2446 Μάρκον
892 2360 989 2427 καὶτὸ
1005 2361 1080 2428 natal
1093 2361 1233 2431 Λοαιιᾶν.

138 2445 173 2514 τὸ
192 2445 225 2512 δὲ
237 2444 312 2512 κατα
326 2439 470 2526 Ἰωάννην
484 2441 542 2509 ἄνα
561 2440 717 2511 caucaseos
736 2443 803 2530 ὂίχρι
816 2452 876 2529 τηρ
886 2443 979 2531 α’ρχῆς
990 2453 1050 2512 τῶν
1064 2448 1159 2534 ἁγίων
1174 2477 1234 2516 πα·

138 2537 218 2597 θῶν.
244 2525 496 2616 ,ἀναγινώσκεται
520 2473 559 2594 dl
577 2523 665 2606 οὗτος
685 2530 718 2594 ἒν
739 2539 804 2607 ταῖς
823 2533 922 2616 τρισὶν
932 2533 1074 2615 ἡμέραις,
1093 2533 1189 2618 ἤγουν
1206 2531 1235 2620 β’

139 2615 167 2706 γ’
187 2615 239 2681 καὶ
261 2611 299 2680 δ’.
341 2616 394 2680 καὶ
413 2620 597 2698 πληροῦνται
617 2617 650 2680 ἐν
671 2623 736 2689 ταῖς
758 2612 859 2700 ὥραις.
911 2621 1025 2700 γίνεται
1048 2617 1081 2683 δὲ
1101 2618 1136 2684 cd
1158 2619 1236 2686 sard

139 2706 268 2768 Aoaaois·
284 2694 467 2784 ἀναγνώσεις
480 2696 516 2786 γ’,
536 2697 573 2764 rol
588 2696 615 2764 δ’
630 2698 706 2764 c’a‘lla
718 2695 780 2766 α’πδ
801 2701 950 2784 δευτέρον.
992 2703 1073 2782 ὁμοῦ
1094 2701 1235 2788 ἀναγνοί-

141 2781 258 2864 asscd',
279 2786 331 2850 καὶ
346 2781 480 2869 do'oacb',
499 2785 656 2850 ιιαὶπλέον
676 2781 776 2850 οὐδέν.
819 2806 854 2848 ex
875 2789 918 2847 bis
941 2790 996 2850 iam
1014 2789 1152 2851 Meursius
1175 2811 1237 2853 non

140 2874 281 2934 Codicum
300 2873 352 2932 sed
375 2892 428 2932 sua
451 2873 600 2930 emendare
620 2873 733 2952 poterit.
773 2876 804 2931 et
823 2874 848 2931 si
869 2873 937 2950 quid
961 2877 1165 2936 emendandum
1187 2879 1238 2956 sit,

42 2966 46 2973 “
78 3026 84 3039 1
142 2957 237 3039 potius
249 2956 495 3037 expungam'illud
512 2962 551 3042 τῇ
565 2952 677 3041 μεγάλη
698 2954 832 3041 πέμπτη,
853 2959 919 3034 quia
936 2977 1040 3040 magna
1054 2961 1122 3019 feria
1135 2961 1235 3038 quintu

141 3061 200 3102 uon
217 3043 362 3120 legebatur
380 3038 416 3106 ao*
439 3041 709 3124 resacrambam,
738 3043 843 3121 quippe
867 3043 944 3120 quod
967 3047 1153 3123 praecedente
1178 3047 1236 3126 die,

141 3127 271 3210 uidelicet
286 3146 388 3204 magna
400 3128 469 3185 feria
483 3133 599 3204 quarta,
618 3127 844 3190 iamabsolutum
857 3136 934 3206 erat,
955 3137 988 3189 ut
1008 3149 1041 3190 ex
1056 3130 1166 3210 Typieo
1180 3133 1235 3192 Sa-

20 3247 24 3250 -
143 3211 198 3270 bae
220 3211 389 3284 audivimus;
416 3211 469 3269 nisi
490 3213 563 3270 sorte
583 3211 612 3270 in
633 3213 738 3290 palatio
758 3211 909 3290 Cpolitano
931 3215 1071 3274 tetrabibli
1093 3215 1175 3277 lectio
1195 3218 1236 3276 ad

145 3297 271 3372 quintam
284 3296 374 3373 ipsam
395 3295 492 3353 feriam
514 3315 645 3372 magnam
662 3299 865 3357 extenderetur.
907 3300 1034 3374 quamvis
1051 3300 1143 3378 ipsum
1163 3319 1236 3377 quo·

129 3398 202 3457 ·que
217 3379 363 3440 Triodium
378 3379 547 3438 Graecorum
563 3399 626 3438 cum
648 3380 757 3458 Typieo
776 3382 869 3442 Sabae
891 3383 1034 3459 concinat3
1066 3385 1143 3443 cuius
1165 3385 1236 3446 haec

143 3471 212 3526 sunt
227 3461 327 3525 rerba:
355 3465 455 3542 legitor
471 3467 551 3524 etium
566 3466 796 3542 tetroeooogelium
808 3469 922 3542 secundo
936 3471 1017 3528 tertia
1035 3473 1060 3527 at
1076 3477 1173 3550 quarta
1188 3472 1237 3552 se-

145 3554 199 3612 m'o.
241 3548 294 3613 aul
307 3549 662 3632 πληροῦταιιιιπιγίαιαι
675 3553 895 3625 ιιιιιαινιίααιιη,
1003 3611 1005 3616 ,
1064 3625 1066 3632 Ι

214 3665 278 3719 utu.
322 3683 372 3728 noo
388 3665 428 3718 his
450 3665 525 3718 modo
546 3664 685 3719 dominicae
707 3663 819 3734 passioni
835 3662 1012 3718 memorandae
1034 3666 1141 3722 sacmtls
1156 3668 1239 3736 seriis,

145 3739 224 3806 prout
239 3733 339 3786 erudite
360 3735 515 3788 demonstrat
536 3736 692 3800 Gratserus,
714 3733 758 3787 sad
780 3739 807 3786 et
832 3734 951 3787 contiuuo
973 3733 1053 3789 totius
1072 3737 1132 3790 sani
1153 3754 1165 3790 s
1185 3739 1237 3790 atio

145 3809 220 3856 totus
236 3809 358 3872 quattuor
374 3803 586 3872 evangelistarum
606 3808 692 3857 textus
708 3802 733 3856 iu
747 3803 854 3857 ecclesia
876 3803 960 3874 palam
981 3802 1089 3873 legitur,‘
1130 3755 1183 3858 ool
1196 3805 1238 3859 di-

146 3878 217 3924 serta
232 3871 272 3924 uis
288 3870 374 3926 verbis
391 3869 507 3994 ppisserit
523 3871 681 3926 doctissimus
697 3869 811 3929 Allatius.
839 3872 954 3944 exceptis
977 3874 1073 3942 maguis
1090 3823 1237 3928 solemnita-

146 3939 232 4006 tibus,
249 3956 315 4009 quse
330 3958 394 4012 pecu
405 3959 460 3994 rare
475 3941 524 3996 sibi
539 3947 658 4010 poscunt,
680 3941 836 4010 evangelium
853 3941 879 3994 iu
896 3940 999 4012 reliquis
1017 3942 1075 3994 suni
1092 3941 1182 3994 diebus
1198 3942 1236 3997 its

146 4007 330 4080 dispertiuntur
347 4010 457 4074 Graeci,
474 4019 503 4062 ns
518 4010 591 4062 unius
607 4011 678 4080 prius
695 4011 867 4079 evangelistae
882 4016 979 4065 textum
996 4009 1022 4064 in
1040 4015 1158 4062 cosmato
1169 4010 1237 4064 divi·

147 4076 211 4130 daut
234 4085 261 4132 et
285 4078 373 4132 diebus
395 4078 539 4150 applicent,
562 4078 642 4132 donea
664 4078 750 4142 finiat,
792 4080 931 4132 estmodum
951 4079 1055 4131 alterius
1079 4079 1237 4144 condonant,

147 4144 229 4210 donec
244 4147 326 4200 omnis
342 4148 374 4202 ad
391 4150 482 4202 emtum
532 4148 676 4214 rdnxerim,
695 4153 721 4200 et
737 4097 826 4205 dislrus
842 4147 972 4201 dominicis
988 4163 1005 4197 a
1018 4145 1145 4219 'scriptore
1155 4163 1235 4200 evan·

146 4213 207 4282 palii
223 4233 313 4270 nomen
329 4217 473 4288 imponente
509 4216 580 4270 icant
595 4217 661 4270 anim
676 4211 701 4284 ἡ,
711 4212 806 4286 πρώτη
822 4211 940 4284 oausam}
955 4215 1007 4267 aad
1024 4213 1197 4285 Masabadan,
1213 4213 1234 4286 ἡ

146 4279 265 4356 θιντὸρα
280 4285 333 4341 τοῦ
349 4287 522 4354 Muraena,
537 4295 566 4342 st
578 4284 617 4342 sic
631 4286 665 4342 de
680 4285 745 4344 aliis.
761 4286 787 4341 id
803 4292 833 4340 ιιι
850 4285 940 4340 melius
955 4281 1166 4354 comprobandas,
1184 4300 1236 4339 ra-
