2802 4686
161 263 231 330 106
468 266 617 334 conlui
642 267 935 336 conopeorum

50 512 140 568 Poto
299 501 303 508 '
443 497 957 600 Κεφάλαιουυῦ.

410 613 481 684 Heni
496 618 640 685 πενθίμων
657 617 805 687 βασιλικῶν
822 615 995 689 conspuitur.

258 742 386 830 Πατρός
400 745 551 824 βασιλέως
570 744 780 823 ἀποθανόντος
792 745 812 830 ἢ
825 745 973 833 μητρὸςῆ
989 744 1131 832 γυναικὸς
1141 743 1248 823 αὐτοῦ,

156 843 178 928 ἢ
197 842 258 928 μὴν
279 845 348 909 υἱοῦ
367 849 417 910 καλ
440 844 562 932 ἐκγόνου
580 850 730 930 βασιλέων
748 847 853 930 ὄντων,
877 847 894 915 ὅ
913 857 1032 938 κρατῶν
1045 849 1138 914 λευκὰ
1154 847 1248 936 φορέ-

156 973 241 1028 ματα
263 957 355 1034 φορεῖ
370 951 460 1035 μέχρι
483 957 591 1037 καιροῦ
611 950 683 1017 ὅσον
705 951 743 1017 ἂν
761 952 922 1035 βούλοιτο,
952 950 1016 1020 εἶτα
1039 954 1155 1039 κίτρινα
1175 949 1273 1026 ἔνευε

156 1052 354 1136 μαργελλίιον,
380 1051 481 1118 ἔπειτα
500 1053 545 1118 τὰ·
562 1053 640 1120 αὐτὰ
662 1053 753 1121 πάλιν
774 1057 852 1138 μετὰ
870 1058 1068 1142 μαργελλίων,
1102 1055 1153 1118 καὶ
1171 1053 1248 1135 μετὰ

83 1206 86 1215 .
118 1159 490 1242 Βτοῦταλαμπροφορεΐ.
530 1159 556 1224 εἰ
569 1157 730 1241 δὲθεῖοςῆ
746 1161 818 1224 θελοι
835 1159 912 1243 πρὸς
924 1155 1054 1244 πατρός,
1079 1155 1249 1243 ἢάδελφὸς

158 1256 252 1322 αὐτοῦ
273 1255 420 1342 δεσπότης
441 1257 483 1324 ὢν
505 1259 563 1326 εἴτε
583 1263 633 1324 καὶ
656 1259 717 1344 μή,
747 1260 768 1344 ἢ
790 1261 907 1348 ἀδελφὴ
923 1261 942 1346 ἢ
957 1260 1038 1340 υἱός,
1064 1263 1180 1346 κίτρινα
1194 1261 1250 1342 μὲν

134 1435 137 1444 .
158 1358 307 1439 acirim,
329 1363 425 1447 χωρὶς
440 1363 473 1426 δὲ
485 1366 682 1446 μαργελλίοιν,
707 1361 770 1437 εἶτα
783 1365 861 1447 μετὰ
873 1367 1071 1452 μαργελλίων.
1120 1363 1197 1428 καθ’
1215 1361 1249 1427 ὃν

160 1463 193 1526 δὲ
209 1462 313 1549 καιρὸν
336 1461 513 1552 διβασιλεῦς
532 1470 728 1549 λευχειμονεῖ,
755 1464 797 1544 ὡς
818 1469 951 1553 εἴρηται,
979 1467 1031 1532 διὰ
1049 1465 1121 1543 τοὺς
1138 1464 1249 1530 ἑαυτοῦ
1257 1482 1292 1536 10

159 1567 316 1648 γνησίους,
342 1564 450 1644 πάντες
463 1573 737 1650 μελανειμονοῦσιν,
763 1571 817 1636 οῦκ
834 1569 977 1656 ἄρχοντες
988 1568 1082 1653 μόνον
1100 1569 1179 1633 ἀλλὰ
1198 1570 1250 1632 καλ

158 1673 215 1732 τοῦ
230 1674 316 1734 λαοῦ.
367 1669 396 1734 oi
419 1671 452 1734 δὲ
472 1677 528 1734 τοῦ
549 1678 714 1749 τεθνεῶτος
736 1671 870 1758 γνήσιοι,
894 1681 950 1739 τοῦ
964 1675 1113 1756 βασιλέως
1134 1674 1250 1754 nicoma

159 1778 342 1855 φοροῦντος,
367 1773 484 1856 μέλανα
500 1765 583 1840 οῦτοι
599 1773 755 1841 ἐνδύονται
767 1776 941 1862 ἔμπροσθεν
953 1777 1048 1842 αὐτοῦ
1061 1779 1117 1851 ἕως
1129 1772 1253 1860 ἡμερῶν

158 1872 402 1959 τεσσαράκοντα,
434 1878 485 1941 καὶ
500 1877 578 1959 μετὰ
593 1885 690 1942 ταῦτα
703 1876 832 1965 ηἐράνεοι
844 1881 950 1968 μέχρις
966 1878 1004 1946 ἂν
1018 1877 1142 1956 ἀλλάξαι
1159 1874 1176 1942 ὃ
1188 1883 1249 1960 βα-

118 1992 143 2043 c
159 1974 276 2056 οιλεῦς,
301 1979 352 2042 καὶ
368 1976 435 2044 τότε
451 1985 706 2068 λαμυροφοροῦσι
721 1984 772 2046 κοιλ
789 1973 882 2048 οὗτοι.
1257 2003 1291 2058 15

254 2079 338 2144 Ἄνευ
356 2083 388 2145 δὲ
405 2071 447 2146 ὧν
459 2083 574 2169 εἴρηται
583 2130 595 2162 ,
625 2088 651 2148 ελ
667 2091 771 2172 συμβῇ
789 2083 856 2149 τινὰ
873 2085 973 2170 ἕτερον
993 2087 1054 2148 τῶν
1073 2080 1151 2146 καθ’
1172 2076 1251 2162 αἷμα

157 2190 306 2266 συγγενῶν
326 2184 421 2249 αὐτοῦ
441 2192 631 2270 τελευτῆσαι,
666 2187 809 2270 οὐδαμῶς
829 2197 921 2276 φορεῖ
932 2187 1049 2271 sclopano
1064 2181 1081 2256 ἃ
1096 2183 1258 2265 βασιλεῦςτ

158 2283 196 2348 ἂν
218 2286 253 2350 δέ
270 2313 352 2363 τινος
372 2293 432 2352 τιῦν
455 2292 583 2373 γνησίων
599 2291 693 2354 αὐτοῦ
710 2289 731 2373 ἢ
746 2293 835 2355 θείου
855 2290 875 2374 ἢ
897 2289 1024 2372 ἀνεψιοῦ
1045 2286 1250 2372 ἢὲξαῦέλφυυ

156 2387 230 2470 γυνὴ
249 2386 409 2474 τελευτήσῃ
424 2389 444 2473 ἢ
461 2390 592 2476 ἀδελφὸς
608 2391 628 2474 ἢ
642 2390 716 2472 υἱός,
736 2390 752 2456 ὃ
766 2393 820 2458 τὸν
834 2399 987 2458 τεθνεῶτα
999 2391 1164 2472 ἀποβαλὼν
1180 2393 1250 2453 ιλια-

157 2487 275 2571 βιβάζει
291 2493 321 2556 ἓν
337 2498 381 2580 τῷ
397 2489 507 2558 ἑαυτοῦ
527 2490 652 2584 ὅσπιτίῳ
675 2495 730 2572 τὰς
750 2497 930 2582 τεταγμένας
945 2497 1110 2577 πενθίμους
1124 2491 1292 2580 ἡμέρας,ρο

229 2685 262 2738 17
276 2685 447 2756 τελευτῆσαι]
465 2681 666 2743 &coturnica
763 2690 798 2745 λθ
815 2687 883 2760 einp
898 2689 921 2742 Ρ

572 2928 742 3015 Caput
790 2935 842 2998 21.

400 3027 441 3082 De
463 3029 617 3099 ragnerium
638 3031 803 3101 imperatorin
817 3027 1014 3100 gestamiaitus.

229 3143 309 3197 Patre
326 3143 491 3216 imperatoris
508 3157 609 3202 mortuo
624 3149 666 3202 vai
684 3166 774 3220 uxore,
792 3149 854 3220 quin
871 3147 969 3203 attilio
989 3153 1016 3201 et
1032 3149 1142 3220 nepote,
1160 3143 1184 3196 si
1201 3143 1251 3196 im·

160 3219 297 3279 peratores
312 3215 426 3284 suerint;
444 3217 598 3287 imperator,
616 3221 739 3287 quamdiu
755 3220 891 3291 placuerit,
911 3227 937 3272 et
952 3235 1001 3288 pro
1017 3215 1102 3283 libito,
1118 3215 1171 3268 fert
1188 3230 1251 3264 can-

160 3279 222 3332 dida
238 3283 409 3354 vestimenta,
434 3286 528 3340 deinde
544 3289 638 3341 citrina
655 3288 712 3342 sine
729 3288 873 3358 margessis,
898 3301 992 3356 postea
1009 3283 1151 3354 splendidis
1168 3283 1251 3334 vcsti-

160 3354 208 3404 bus
224 3353 351 3408 amicitur.
387 3355 411 3408 si
428 3364 535 3410 mortem
552 3358 649 3410 obierit
665 3367 773 3428 patruus
792 3367 837 3410 aut
853 3357 932 3420 muita
948 3374 981 3408 ex
996 3361 1088 3424 patre,
1108 3353 1151 3406 vei
1168 3352 1251 3402 irater

159 3419 216 3473 eius
237 3424 364 3492 despotae
379 3425 478 3477 honore
495 3427 652 3496 decoratus,
676 3434 704 3478 et
720 3427 838 3496 quemvis
859 3426 909 3477 hoc
931 3425 1010 3478 etiam
1029 3423 1128 3475 honore
1153 3427 1251 3485 careat,

157 3487 201 3542 rel
217 3508 293 3543 soror
307 3492 351 3544 vel
369 3493 447 3564 filius,
465 3493 561 3549 citrino
577 3497 631 3548 fert
647 3504 710 3548 tunc
727 3512 830 3565 quoque
846 3496 1005 3560 indumenta,
1023 3494 1122 3610 abstpre
1138 3487 1252 3556 margel-

157 3559 206 3624 lis,
231 3569 324 3628 postea
342 3581 398 3616 cum
416 3564 555 3630 margeliis.
588 3581 641 3634 quo
666 3574 783 3634 tempore
800 3565 943 3633 imperator
958 3569 1046 3630 gestat
1062 3561 1135 3612 abas
1152 3567 1252 3623 uestes,

157 3637 188 3680 ut
204 3629 301 3682 dictum
318 3639 373 3700 est,
398 3642 508 3702 propter
524 3651 585 3686 suos
602 3635 764 3703 propinquos
781 3635 933 3698 defunctos,
952 3648 1041 3682 omnes
1057 3628 1140 3700 pullas
1162 3633 1252 3678 vestes

157 3699 256 3775 ierunt,
274 3715 325 3751 non
342 3718 466 3770 proceres
483 3703 558 3754 modo
576 3704 667 3756 sedet
683 3702 807 3771 populusr
825 3699 966 3786 propinqui
982 3715 1047 3751 vero
1065 3696 1122 3749 eius
1139 3696 1185 3777 pui
1203 3695 1252 3746 ob-

157 3767 206 3834 iit,
224 3768 382 3836 imperatore
399 3769 494 3823 citrino
511 3779 647 3841 gestante,
664 3772 747 3838 nigris
764 3769 927 3824 restaurantis
942 3767 1020 3821 etiam
1035 3782 1121 3818 coram
1137 3781 1251 3844 tmpera-

53 3841 55 3848 ’
157 3845 217 3888 tore
243 3853 326 3904 usque
351 3839 384 3890 ad
410 3841 634 3909 quadragesimum
658 3841 726 3893 diem
749 3849 871 3903 utuntur3
897 3837 1058 3908 postmodum
1081 3833 1177 3886 caesiis
1193 3849 1253 3913 erre

157 3907 346 3973 srrbviridibus,
362 3908 445 3960 donec
462 3910 605 3978 imperator
620 3917 716 3972 vestes,
726 3917 825 3975 mutet;
847 3916 876 3962 et
891 3914 954 3961 tuno
969 3905 1023 3976 ipsi
1040 3919 1145 3974 quoque
1161 3901 1253 3954 candr-

158 3976 200 4030 riis
216 3976 334 4032 vestibus
351 3976 516 4034 amiciuntur.

228 4083 339 4138 Praeter
355 4085 403 4138 hos
420 4085 454 4136 de
471 4081 566 4152 quibus
582 4080 710 4149 diximus,
728 4079 902 4148 sicontingat
917 4076 1028 4146 aliquam
1047 4073 1125 4130 alium
1139 4089 1253 4155 ⁹¹.⁸⁸¹!'
1321 4121 1322 4128 ,

161 4159 240 4224 guine
256 4155 352 4210 iunctis
370 4152 450 4222 mori,
473 4167 601 4222 nunquam
620 4157 647 4203 et
663 4150 781 4218 nuspiam
797 4151 849 4202 fert
866 4149 961 4201 citrina
977 4146 1128 4216 imperator.
1162 4159 1185 4194 ιι
1203 4140 1253 4192 elr-

162 4228 234 4281 cuius
253 4246 286 4281 ex
303 4225 438 4296 cognatis,
463 4231 527 4294 pute
548 4219 636 4290 patrui
658 4213 810 4272 consobrini
831 4218 871 4272 rel
895 4215 1037 4287 patruelis,
1062 4228 1130 4294 uxor
1150 4211 1178 4262 in
1196 4211 1255 4292 fata
1343 4263 1345 4270 y

162 4298 301 4370 concedat,
329 4299 371 4353 rel
387 4297 471 4351 irater
488 4291 531 4348 vei
545 4289 628 4357 filius,
652 4288 678 4342 is
703 4305 735 4342 er
758 4290 832 4342 cuius
856 4290 933 4341 domo
950 4285 1028 4338 iunus
1044 4280 1159 4353 produt,
1184 4279 1254 4332 domu
