2798 4690
152 285 240 362 29ον
301 283 511 352 suessam
527 283 582 350 ET
601 281 733 350 (soem
746 279 1094 350 COMMENTARIUS.

136 447 274 514 mittens,
290 462 323 499 aa
338 445 448 516 deniqne
464 443 532 502 oaesi
549 443 659 528 liguram
674 441 802 509 referens,
818 457 908 500 meone
925 446 974 498 est.
991 442 1069 500 subse
1080 442 1167 502 solere
1181 441 1264 512 tingit

151 537 189 572 ms
206 517 353 581 Tilianum,
371 515 480 582 Regium
504 510 683 586 Sarrdronysii,
707 511 836 566 Mauuelis
853 511 934 566 ultimi
950 503 1103 582 lbsnnisqub
1118 510 1164 566 fibi
1179 513 1264 580 impe·
1379 575 1380 578 Ἴ

150 587 266 642 ratarum
284 591 363 637 totam
380 583 493 652 effigiem
517 586 734 652 repraesentans,
749 581 875 637 violaceo.
893 588 1001 650 uterque
1018 597 1163 654 purpureus
1179 579 1264 635 babe-

151 664 197 710 tur
213 662 241 710 et
257 654 437 724 imperatorem
453 651 537 706 deest.

235 769 273 827 ib.
288 786 313 828 v.
327 767 377 830 21.
399 759 526 844 φυᾶλιν]
550 763 591 823 ita
611 763 742 826 scribitur
762 764 839 844 apud
859 763 1009 823 Codinum.
1052 763 1196 841 integrum
1216 769 1264 822 est

153 845 307 931 φαᾶλιον,
327 851 423 912 aelam.
465 853 521 911 viri
532 849 622 926 does,
642 849 697 911 hoe
709 855 754 911 est
766 851 880 928 lunius,
900 849 993 928 inquit
1010 845 1194 926 Glossarium,
1215 853 1262 908 in-

152 944 331 1018 terpretantur
358 939 471 996 vineam
498 933 646 996 corborum.
703 955 754 996 nos
779 937 916 1006 moestior.
973 939 1127 996 roeortiorer
1162 935 1265 993 Graeci

152 1028 282 1084 crassiore
298 1023 520 1102 pronmttiob'one
536 1025 562 1079 et
584 1015 803 1096 πλαταᾶζοντες
846 1023 887 1080 rie
907 1019 1048 1098 efferebant
1070 1020 1156 1078 οαανι
1175 1017 1264 1078 Iati-

152 1123 254 1169 rromm.
297 1106 432 1168 Germani
451 1123 567 1182 quoqne
588 1113 692 1166 vorant
709 1123 822 1176 sacrum
841 1104 951 1184 edum,
972 1121 1031 1183 qno
1054 1101 1187 1164 moniales
1209 1123 1263 1162 ve-

154 1194 263 1272 lantur,
281 1197 325 1254 ein
338 1191 430 1252 sabel
441 1210 492 1252 seu
506 1189 584 1266 weil,
603 1192 752 1252 manifesta
765 1211 799 1252 ex
809 1189 910 1251 vocula
922 1189 980 1250 octo
999 1189 1114 1268 origiue.

163 1361 166 1364 .
227 1310 333 1384 φιάλην
354 1311 387 1366 ad
412 1330 453 1367 me
482 1311 573 1366 scribit
597 1313 728 1383 Georgius
766 1312 890 1367 Ceresius
917 1311 1051 1378 Cbismis,
1083 1327 1190 1381 eamque
1213 1326 1264 1363 ro-

159 1389 201 1440 est
235 1378 455 1462 πολυχρῶματον
475 1373 639 1451 ὑφασμένην
666 1381 715 1436 καὶ
742 1377 933 1451 πεπλεγμένην
961 1378 1139 1447 καλύπτραν,
1164 1381 1264 1462 eapitis

158 1453 276 1526 tegimen
292 1453 377 1506 αανίἰι
393 1453 519 1537 ealopibns
535 1455 712 1506 interimam.
729 1467 763 1535 ap
780 1451 814 1504 ob
830 1467 928 1534 mnne!
953 1450 995 1503 vel
1016 1449 1155 1502 volitantes
1177 1449 1264 1502 moba-

159 1520 815 1655 btbtttotttatbt'ttstbt
826 1519 1264 1661 stit‘ststtifflatbffi

159 1661 225 1732 gieio
240 1659 414 1714 disseruimus.

240 1786 268 1848 p.
284 1764 324 1832 61
339 1783 365 1824 v.
386 1767 413 1828 1.
434 1763 615 1844 tropaeuebia
629 1767 763 1844 atropneo
773 1781 824 1826 seu
836 1762 982 1846 trophaeo.

169 1891 173 1900 '
218 1879 349 1958 'Tropaea
378 1892 454 1970 sonat
472 1886 538 1940 bueo
573 1885 650 1970 dietis
676 1885 884 1972 triumphosque,
898 1956 905 1970 ·
919 1903 970 1970 pen
999 1882 1139 1970 immeritor
1179 1883 1263 1936 relert

149 1957 225 2012 'enim
247 1964 383 2026 augustum
404 1955 467 2010 stud
490 1964 518 2009 et
540 1961 680 2027 postrorum
708 1962 820 2024 tegimen
849 1962 940 2025 esprtrs
974 1955 1109 2008 medicans
1132 1955 1161 2008 et
1187 1969 1262 2021 gem-

156 2028 353 2168 :fflfflssm'
377 2041 428 2098 quo
445 2025 478 2079 ele
500 2034 578 2097 parta
594 2017 704 2080 ristoria
718 2025 885 2080 laetabantur
899 2026 1075 2098 imperatores.
1093 2021 1215 2077 corma
1233 2023 1262 2075 in

242 2203 280 2262 ib.
294 2205 364 2268 v..2.
384 2197 578 2262 latiarem
588 2219 606 2260 a
615 2197 769 2260 Iustiniana
786 2199 970 2280 imperatore,
985 2201 1033 2276 qni
1046 2198 1122 2277 quali
1136 2199 1263 2276 tegmine
1279 2219 1281 2224 s

101 2265 103 2271 s
158 2288 258 2366 eapitis
273 2303 341 2344 usus
355 2287 403 2362 sit,
417 2291 537 2366 apparet
549 2285 644 2363 aliquo
656 2287 742 2344 modo
756 2303 791 2344 ex
806 2289 930 2363 antiquis
942 2287 1127 2363 numismatis,
1139 2298 1263 2361 qnorum

158 2371 293 2433 nonnrrssa
304 2371 401 2430 lectori
415 2372 571 2450 spectanda
584 2371 781 2452 proposuimus
794 2375 862 2432 tom.
879 2373 900 2435 3
918 2373 955 2430 de
970 2373 999 2430 S.
1014 2372 1105 2430 Cmce
1121 2377 1135 2434 1
1152 2375 1201 2436 20.

243 2488 377 2549 Dixeram
396 2489 415 2548 l.
434 2488 453 2547 l.
474 2487 638 2548 Iustinianei
654 2490 773 2549 fonnem
792 2506 855 2549 esse
872 2507 959 2567 quem
976 2489 1081 2548 ibidem
1092 2501 1261 2568 repraesen-

157 2580 235 2634 tatus
257 2593 386 2633 nummus
407 2576 539 2652 antiquus
559 2573 679 2634 exhibet.
720 2576 862 2652 improbat
883 2576 937 2635 boc
961 2574 1022 2658 Nic„
1044 2574 1262 2633 Alemannusiu

157 2662 357 2740 commentario
377 2661 415 2718 ad
434 2680 564 2720 arcanam
582 2656 726 2721 historiam
747 2659 893 2741 Procopii,
914 2661 979 2737 quia
993 2666 1058 2719 ante
1073 2661 1262 2718 lastinianum

158 2743 341 2806 Theodosius
364 2745 524 2812 Marcianus
547 2742 609 2806 Leo
634 2744 713 2804 Zeno
738 2743 906 2806 Anastasius
932 2753 962 2806 et
987 2746 1112 2804 lustinus
1140 2748 1262 2805 eandem

159 2827 316 2914 πτερανήν
330 2835 439 2890 ensem
453 2832 483 2888 in
501 2829 582 2908 galea
600 2836 764 2909 gestarunt,
782 2837 815 2891 nt
830 2832 860 2888 in
871 2850 969 2890 eornm
981 2832 1154 2904 numismatis
1169 2850 1261 2908 appa-

159 2921 219 2987 ret3
237 2920 324 2992 atque
344 2915 392 2974 ille
415 2920 460 2973 est
480 2933 566 2990 qnam
585 2918 798 2994 τροπαιουχίαν
810 2922 937 2976 νοαααια
952 2919 1025 2976 idern
1040 2918 1168 2976 Codinus
1182 2917 1261 2975 affir-
1379 2919 1380 2938 ¹

159 3004 228 3059 mas
269 3017 366 3058 verum
385 3006 418 3057 ut
440 2999 610 3064 lastinianus
628 3001 754 3076 integras
768 3001 852 3060 nrbes
867 3005 897 3060 et
908 3021 953 3060 res
966 3002 1033 3063 alias
1052 3022 1134 3062 asuo
1145 3003 1261 3061 nomine

160 3083 309 3146 ambitiose
331 3083 486 3142 nominavit
506 3085 649 3142 exstinctis
669 3085 767 3163 priscis
790 3086 1043 3166 appellationibus,
1072 3089 1113 3150 ita
1141 3095 1171 3147 et
1193 3087 1261 3146 huic

158 3168 260 3248 ospitis
274 3167 420 3250 φορὲματι
433 3188 484 3228 seu
499 3170 648 3246 gestamini
669 3189 752 3228 smum
774 3191 878 3233 nomen
899 3173 1042 3252 imponere
1061 3174 1172 3252 potuit,
1193 3173 1260 3232 lieet

157 3254 196 3314 ab
222 3252 446 3313 antecessoribus
465 3256 523 3312 suis
552 3255 637 3313 etiam
662 3263 829 3335 usurpatum
852 3259 960 3317 fuisset.
1002 3265 1033 3317 at
1056 3257 1258 3318 Iustinianenm
1298 3281 1300 3286 ’

156 3339 212 3397 boe
227 3339 355 3398 diadema
367 3359 426 3400 non
450 3339 577 3399 bellicum
599 3346 650 3400 ant
671 3347 813 3426 castrense
830 3343 900 3420 fnit,
924 3344 975 3420 sed
993 3345 1126 3418 eiricum3
1149 3364 1207 3421 qno
1228 3349 1259 3403 et

45 3451 48 3459 ·
155 3424 188 3486 in
203 3425 289 3482 saeris
308 3426 380 3488 etin
401 3423 522 3484 ecelesiis
544 3426 683 3487 utebatur.
725 3430 778 3488 sed
799 3433 830 3486 et
849 3429 976 3488 Codinus
996 3431 1065 3490 satis
1080 3431 1258 3490 indicattro-

80 3567 81 3572 ,
157 3509 313 3587 paeuohian
340 3515 370 3568 et
396 3509 598 3570 Iustinianenm
623 3518 653 3572 et
683 3511 737 3571 alia
764 3512 878 3572 arbitrio
897 3515 1073 3594 imperatoris
1097 3522 1156 3574 tam
1180 3516 1258 3574 domi

159 3611 244 3670 qnam
260 3594 326 3664 sibi
338 3601 464 3672 gestatu:
479 3597 520 3656 ait
544 3597 631 3656 enim:
652 3592 703 3660 tat
723 3594 756 3660 δὲ
780 3603 914 3678 κεφαλῆς
935 3599 1090 3680 postponere
1111 3594 1257 3681 διάφορα,

158 3676 232 3740 ποτὲ
247 3676 301 3757 μὲν
316 3677 349 3741 τὸ
372 3673 593 3761 ὀνομαζόμενον
611 3683 844 3788 ταοααιουχίαν,
864 3681 936 3747 ποτὲ
956 3683 989 3746 δὲ
1006 3680 1256 3762 Ἰοαστινιᾶνειον,

158 3763 194 3826 ἐν
211 3759 313 3838 ἄλλοις
326 3762 358 3826 δὲ
371 3762 534 3848 ὑπέρτερον
547 3774 600 3826 etc.
621 3763 683 3829 απά
703 3764 758 3847 μὲν
773 3759 830 3830 οὖν
843 3763 989 3832 τοιούτων
1004 3764 1183 3852 φορεμάαων
1197 3793 1258 3847 φο·

159 3853 209 3928 ρεῖ
223 3847 243 3910 ὅ
259 3845 398 3926 besmede
418 3845 468 3911 ola
494 3845 534 3913 riv
557 3843 706 3931 βούλοιτο.
749 3869 784 3916 ex
808 3854 909 3929 quibus
930 3855 1039 3914 Cadini
1057 3857 1149 3916 verbis
1168 3856 1257 3934 liquet

157 3932 355 4011 imperatorem
367 3935 444 3993 veria
455 3935 585 3996 habuisse
598 3938 697 4016 eapitis
713 3936 882 4019 poptporoc,
906 3946 937 3999 et
954 3941 1092 4002 arbitratu
1111 3961 1163 4003 sno
1181 3960 1258 4000 nune

157 4017 212 4076 hoe
225 4037 299 4078 nuno
321 4019 390 4078 illud
411 4027 548 4096 gestasse.
590 4019 752 4082 Iustinianei
774 4025 892 4086 formam
913 4025 995 4084 nobis
1013 4026 1187 4092 Alemanrms
1208 4045 1258 4084 er·

156 4101 235 4160 bibet
248 4123 282 4162 ex
297 4103 395 4162 tabula
417 4105 553 4180 quadam,
574 4123 646 4182 quae
666 4127 752 4186 opere
771 4111 878 4172 musivo
895 4109 1047 4171 Ravennae
1067 4119 1176 4172 exstat:
1197 4129 1258 4170 non
1379 4105 1380 4174 s

156 4189 315 4262 negaverim
332 4187 517 4250 lastinianum
539 4191 587 4250 tali
610 4193 709 4272 eapitis
728 4199 892 4272 tegumento
917 4213 1012 4256 usum:
1047 4193 1099 4258 sed
1119 4197 1174 4259 boe
1192 4214 1258 4256 esse
1379 4183 1380 4222 ³

154 4268 247 4347 ipsmn
258 4271 505 4336 lusnmaneumex'
523 4275 620 4338 tabula
634 4277 680 4337 illa
690 4280 804 4360 probari
818 4299 876 4342 non
890 4286 994 4362 potest.
