2802 4686
486 255 532 324 IN
558 255 706 324 coolal
736 257 820 326 GAP.
848 258 876 328 1.
1161 257 1232 328 137

209 417 301 492 pir.
315 418 356 474 18.
389 417 529 472 illationes
555 413 881 540 ὀάπομνηριατσρράρος
902 414 1089 488 καθεζόμενος
1112 414 1153 481 sis
1175 417 1235 490 ηνίι

140 481 402 560 passinianensis,
418 482 467 540 καὶ
480 483 534 555 ppei
557 503 598 556 ει,
623 487 654 560 sl'
666 505 693 540 τι
714 483 801 541 αὐτον
845 488 955 552 ρίσωσιν
979 483 1094 556 ἀληθως
1116 483 1162 558 (ol
1184 485 1235 558 ἀρ-

158 562 240 626 ιερεῖς
257 557 295 612 Μ.
306 554 350 625 qui
361 555 448 610 addite
466 549 522 610 iasa
534 505 571 610 li
588 551 698 625 οἰκέτης
714 556 763 624 τῆς
775 553 907 622 δευτέροις
923 553 1093 623 πεντάδος).
1127 559 1236 612 loannes

140 579 206 682 istu·
224 625 397 696 episcopusin
419 624 500 694 Resp.
511 624 574 678 iuris
587 627 639 678 GR
659 625 677 682 1.
694 624 726 678 ὅτ
751 626 900 688 νοσοῦντος
918 622 1013 696 μέντοι
1027 626 1080 680 soi
1095 625 1236 713 ηαρσοφύ-

139 699 224 757 λιστος
245 685 265 764 η’
281 689 497 762 ἀποδημοῦντος
528 688 589 747 ἀντ’
612 689 719 748 ἐκείνου
736 693 776 764 τῷ
792 688 1074 768 ὑπομνηματσρράφῳ
1092 699 1198 750 ανιῖται
1216 691 1236 765 ἡ

140 761 249 826 isiacos
263 761 312 818 sai
328 757 485 832 ἀνάγνωσις
500 763 556 816 τῶν
580 763 632 817 τοῦ
652 765 896 833 χαρτοφνλακιιισῦ
917 759 1048 831 σεκρέτοσ
1068 755 1237 834 ,ὑπομνημα-

138 833 249 901 scapio.
286 849 318 885 ex
333 848 385 901 quo
404 831 460 885 eius
480 848 569 885 manus
589 831 796 904 chartophylacis
816 831 902 886 officio
919 832 1023 888 videtur
1040 833 1199 888 coniunctam
1210 842 1238 889 et
1262 879 1267 888 .

140 919 231 975 operas
243 901 321 956 etism
333 901 428 956 habere
439 917 574 954 connexas.

223 1005 313 1067 Porro
334 1005 453 1066 Ioannes
475 1005 581 1064 Citrius
604 1005 634 1064 in
656 1005 715 1064 suis
743 1006 886 1085 responsis
913 1004 968 1065 alio
992 1007 1092 1066 ordine
1113 1006 1238 1068 collocat

141 1098 171 1153 et
201 1097 345 1152 enumerat
382 1091 433 1149 has
469 1090 667 1150 ecclesiasticas
702 1092 862 1168 dignitates.
910 1111 975 1152 nam
1009 1097 1076 1170 post
1107 1099 1236 1152 euocatan

141 1176 235 1238 coelos
263 1177 353 1254 priano
379 1175 442 1235 loco
468 1177 549 1254 ponit
568 1178 809 1257 protonotarium,
826 1178 950 1236 secundo
964 1168 1239 1258 ὖπομνηματογρά-

141 1285 221 1344 pov,
242 1263 327 1340 tertio
337 1259 529 1342 logothetam,
550 1269 652 1339 quarto
667 1263 859 1338 canstrisium,
880 1263 979 1339 quinto
1003 1263 1238 1342 hieromnemon,

143 1349 191 1425 qui
205 1349 280 1426 apud
294 1347 435 1407 Codinum
448 1348 553 1424 primus
567 1354 611 1407 est
624 1349 654 1406 in
667 1349 790 1426 pentade
803 1348 904 1426 tertia,
918 1353 998 1410 sexto
1011 1349 1237 1428 referendarium,

143 1434 190 1512 qui
203 1435 232 1493 in
246 1434 368 1520 pentade
380 1434 503 1495 secunda
521 1439 651 1514 quartum
662 1433 755 1494 locum
768 1437 855 1494 tenet.

586 1663 794 1678 m

452 1853 792 1932 CAPUT
844 1854 928 1934 Vll.

229 2107 257 2166 p.
273 2083 332 2150 dv.
349 2086 377 2149 1.
410 2033 547 2145 Tertiae
560 2075 690 2164 pentadis
704 2086 807 2167 primas
826 2090 905 2145 tenet
928 2083 952 2148 d*
966 2077 1171 2168 ἱερομνήμων,
1193 2085 1241 2162 qni

142 2178 289 2244 Bonefidio
301 2187 435 2240 σσσσστιιικ
448 2175 605 2238 memorialis
617 2181 647 2234 et
661 2195 718 2235 uno
730 2175 816 2234 verbo
830 2178 1009 2253 ιοστίικοκοκ,
1025 2175 1105 2234 Iunio
1119 2177 1241 2234 deterius

142 2281 277 2325 ισνιοταισ
289 2265 405 2342 praesul.
423 2283 477 2341 ego
492 2261 630 2320 Graecum
642 2262 818 2321 retinendum
834 2279 951 2341 censeo,
972 2263 1085 2338 quando
1099 2261 1175 2321 nulla
1187 2281 1241 2321 vox

145 2348 250 2410 Latina
262 2349 332 2408 satis
347 2355 415 2427 apto
424 2347 560 2428 suppetit

211 2463 277 2546 tofa,
315 2461 441 2516 Allatiand
462 2476 565 2544 rnrspss
603 2455 619 2545 c}
646 2454 820 2547 ispopop'porr
841 2459 952 2526 κρατῶν
974 2451 1006 2513 ἐν
1028 2458 1068 2542 ‘il
1087 2457 1243 2526 παραδόσει

144 2533 276 2600 (φνλακη
300 2530 350 2599 Μ)
386 2527 474 2585 αὐτοῦ
502 2547 553 2582 τον
577 2527 683 2583 undosa
702 2531 759 2598 ,(το
791 2527 939 2583 κοντάκιον
958 2529 1007 2597 Μ)
1033 2547 1082 2596 της
1101 2523 1244 2599 ἐκκλησίας

146 2597 346 2687 βονλλωθξντσι
361 2595 440 2668 stapsi
456 2601 512 2653 τῶν
524 2599 661 2682 κληρικρῖν
677 2599 725 2652 καὶ
742 2599 793 2652 τοῦ
806 2593 952 2668 ἀρχιερέως
969 2593 1163 2686 ἐριβαλρὶντιον.
1193 2596 1243 2650 καὶ

145 2667 174 2725 εἰ
187 2665 238 2739 μὲν
255 2688 306 2723 aas
325 2665 399 2723 ἔστιν
413 2663 577 2734 ἐπίσκοπος,
600 2671 704 2735 μαλλον
717 2661 861 2736 ἒνκαινίζει
877 2662 1022 2734 ἐκκλησιαν
1038 2683 1116 2720 νεαν.
1151 2682 1241 2733 oppa·

146 2739 212 2810 τρίζει
228 2734 260 2792 di
276 2735 325 2791 aul
342 2733 529 2807 ἀναγνώστας.
564 2738 632 2788 hunc
649 2737 745 2789 Graeci
760 2737 849 2788 volunt
868 2753 925 2789 esse
941 2735 1090 2804 diaconum,
1108 2753 1164 2786 cum
1181 2737 1242 2788 sub-

146 2808 244 2862 serviat
254 2807 383 2876 pontifici,
395 2808 439 2873 cui,
447 2805 547 2860 diaconi
558 2823 590 2858 en
602 2806 687 2858 ostioio
698 2805 793 2857 debent
803 2805 956 2862 ministrare.
988 2805 1048 2857 vide
1060 2804 1167 2858 citrium
1180 2811 1242 2874 apte

148 2883 176 2931 at
185 2877 284 2932 audite
292 2876 326 2930 de
333 2877 385 2930 hoo
396 2872 561 2930 disserentem
572 2875 628 2927 looo
639 2872 766 2946 superiori
775 2881 838 2928 note
849 2874 936 2930 citato.

204 2999 208 3004 '
231 2981 276 3044 De
303 2983 362 3042 eius
386 2981 477 3042 officio
502 2982 579 3040 haec·
598 2981 711 3042 Citrius.
754 2980 962 3039 iiaomaemoais
980 2979 1100 3060 affictione
1124 2977 1162 3038 od
1180 2977 1242 3038 dio·

148 3087 239 3126 conum
266 3070 412 3127 accessorio
434 3069 555 3146 pertinet.
595 3085 658 3126 ιισκι
689 3065 733 3125 lic
753 3066 833 3124 arnul
856 3083 915 3125 eam
945 3069 1083 3124 cenetam
1115 3067 1243 3124 subservit

146 3153 372 3213 inducado'socrr's
389 3153 505 3212 octabas
521 3153 704 3230 sacrrflcatoro
717 3153 847 3230 pontifici.
889 3153 989 3210 εἰναι
1004 3151 1190 3210 hieromaeraoa
1205 3153 1242 3210 erl

147 3237 285 3310 sacerdos,
303 3239 358 3298 solo
368 3240 469 3296 nomiae
478 3236 700 3316 ἱερομνημονεῖε
714 3238 875 3314 nequeenim
889 3239 915 3295 ei
928 3236 988 3293 licet
1002 3233 1035 3297 ἐν
1051 3240 1117 3308 ταῖς
1129 3234 1240 3314 sinape-
1254 3240 1278 3294 P
1296 3243 1345 3298 165

149 3313 229 3394 elale
243 3325 304 3383 τάν
320 3316 530 3402 ἀρχιερατικῶν
547 3315 748 3398 στολισμάτων
764 3315 907 3382 διακόνου
921 3314 1005 3394 τάξιν
1016 3325 1127 3400 τηρεῖν.
1165 3322 1244 3379 vide-

148 3416 196 3468 tur
212 3408 304 3466 dicere
316 3408 540 3465 hieromnemona
559 3407 691 3484 pontifice
706 3407 791 3463 sacris
805 3410 940 3483 operante
954 3423 1012 3462 non
1031 3423 1115 3483 posse
1135 3405 1245 3464 diaconi

148 3493 242 3553 officio
257 3489 353 3570 iungi,
373 3492 398 3550 si
412 3493 450 3550 sit
463 3493 609 3569 sacerdos,
630 3496 659 3550 et
672 3492 713 3549 sic
725 3491 786 3549 solo
800 3492 911 3548 nomine
931 3490 1155 3548 hieromnemona
1174 3510 1245 3551 esse.

104 3615 108 3624 =
150 3579 228 3655 quod
242 3577 348 3636 Citrius
365 3577 460 3634 hausit
474 3596 508 3635 ex
521 3577 706 3635 recentiorum
720 3576 889 3634 Graecorum
903 3574 1059 3652 erroribus,
1080 3576 1128 3650 qui
1149 3597 1246 3655 repre-

149 3664 277 3722 hendunt
289 3660 407 3722 Latinos
424 3663 500 3738 quod
518 3663 548 3720 in
563 3681 659 3721 eorum
677 3661 791 3720 ecclesia
804 3662 963 3719 sacerdotes
985 3679 1069 3738 saepe
1091 3663 1246 3739 fungantur

149 3766 263 3810 manere
277 3749 401 3824 diaconi,
422 3748 490 3804 dum
508 3753 713 3806 sacrosanctum
735 3747 836 3804 missae
855 3745 1016 3804 sacrificium
1030 3747 1154 3807 offertur.
1196 3753 1246 3806 im·

147 3836 225 3914 prole
234 3833 368 3912 profecto,
386 3832 479 3907 inquit
494 3831 607 3890 Manuel
630 3832 732 3891 Caleca
750 3836 848 3890 contra
871 3831 993 3889 Graecos
1006 3827 1027 3894 4
1041 3833 1097 3894 21:
1119 3836 1247 3908 ιξαοτσκῑ

149 3923 232 3990 caim,
251 3923 316 3996 puio
332 3921 357 3976 is
377 3919 481 3995 quidem
498 3921 545 3996 ηκκ·
562 3919 631 3996 qood
653 3918 739 3976 maius
755 3923 794 3975 eet
810 3917 903 3989 isabel,
928 3921 1007 3976 eliam
1022 3917 1192 3994 quodminus
1208 3921 1248 3973 est

150 4003 261 4062 ciusdm
272 4005 374 4079 generis
387 4002 465 4060 labet
473 4009 630 4078 neccssaria,
651 4023 702 4062 aaa
712 4007 800 4060 aulem
813 4021 965 4062 econverso.
998 4001 1072 4059 horno
1085 4005 1151 4058 caim
1162 4003 1247 4060 ratio-

144 4088 234 4146 aalem
247 4087 342 4146 luleus
352 4091 469 4145 animam
479 4088 622 4146 senrililoa
633 4093 766 4166 proporat
775 4087 945 4164 vegetabilem
955 4085 1002 4144 sub
1012 4105 1042 4143 ca
1053 4083 1144 4142 lralct:
1165 4103 1247 4161 aeque

150 4180 251 4250 morea,
274 4193 341 4253 puae
353 4171 498 4249 vegetabili
510 4176 598 4231 naimo
619 4179 745 4244 alantur,
768 4173 885 4230 sensibili
897 4176 976 4230 etiam
997 4175 1023 4227 et
1038 4167 1168 4248 rationali
1176 4171 1247 4244 poti·

150 4267 240 4322 antur.
282 4266 362 4339 atque
380 4259 472 4320 itttlcm
496 4260 525 4318 ia
547 4258 628 4335 aliis,
651 4263 710 4319 siae·
730 4257 845 4318 Ιινσισιισ
862 4255 1031 4316 acediosae
1045 4253 1172 4330 impare
1186 4258 1247 4332 ηνιι
