2822 4684
518 263 563 330 ιιι
585 263 732 332 coortu
753 265 837 334 cre.
868 265 910 338 11.
978 245 982 250 '‘
1196 269 1265 341 ιιι

126 459 130 470 ·
170 423 297 488 illudlric
313 425 445 506 obseres,
466 423 532 488 olim
552 427 687 490 Boeotiae
705 436 736 492 et
752 421 915 492 Thebarum
934 432 1089 511 principem
1102 437 1196 510 magni
1207 440 1267 514 pm·-

172 515 275 574 micen's'
300 521 403 574 nomen
426 513 541 592 tulisse,
564 520 639 573 teste
661 516 790 594 Gregora
810 518 828 577 l.
842 522 880 598 7,
902 519 950 594 qui
975 519 1057 578 addit
1076 519 1151 577 lumc
1173 520 1265 596 ipsum

170 599 323 678 principem
341 600 463 677 posteris
487 601 659 677 temporibus
688 621 740 678 pro
758 622 854 680 magne
873 607 1024 682 primicerio
1047 599 1139 686 μέγαν
1156 601 1265 683 κύριον

169 685 341 764 appellatum
354 703 432 762 esse,
452 705 470 743 ο
483 688 573 762 princ
587 684 692 764 syllaba
711 691 844 748 occasione
856 693 975 767 umptc,
996 705 1014 746 a
1030 690 1119 766 prima
1135 690 1265 750 nimirum

169 769 276 848 syllaba
292 769 421 828 vocabuli
434 771 542 850 κηρίον
560 771 710 850 amputatis
723 771 879 850 compendii
897 773 1003 850 gratia,
1020 779 1054 830 ut
1067 773 1167 850 vulgus
1180 775 1263 856 solet,

166 875 203 914 ex
216 855 352 916 vocabulo
361 857 509 934 primicerii
526 851 633 913 duabus
648 856 786 932 prioribus
804 856 925 935 syllabis.
947 878 980 916 ex
996 875 1052 934 quo
1073 858 1186 936 colligas
1206 861 1263 920 iam

167 947 229 998 tum
251 964 272 1020 ρ
292 946 323 998 et
341 963 361 1002 ν
386 941 485 1000 eodem
508 957 595 1018 sono,
622 941 713 999 instar
731 943 806 1020 iota,
826 943 937 1020 prolata
955 943 1054 1002 fuisse:
1077 942 1179 1018 alioqui
1193 945 1263 1008 duas

165 1025 227 1086 illas
241 1025 354 1086 voculas
372 1020 477 1106 κήριος
494 1029 525 1083 et
537 1021 641 1108 κύριος
655 1026 732 1106 vulgi
744 1031 918 1088 consuetudo
935 1048 993 1088 non
1009 1029 1190 1088 confudisset

164 1139 508 1263 ...rtltttttt’r‘t
522 1139 602 1260 iti?
620 1139 1177 1282 ettistitttttttttttstt
1193 1143 1261 1266 ..tt

165 1285 298 1343 cantores,
322 1278 355 1330 ds
374 1278 466 1349 quibus
483 1277 609 1346 superiori
625 1295 691 1348 cap,
707 1279 776 1331 inter
791 1279 945 1346 advocatos,
969 1281 1002 1340 de
1022 1279 1114 1350 quibus
1137 1279 1181 1333 lus
1207 1281 1260 1334 GR

163 1364 191 1418 p.
213 1347 278 1414 225,
309 1348 379 1417 prior
407 1353 449 1400 est
473 1347 651 1430 primicerius,
680 1365 713 1400 su
735 1349 774 1401 ite
791 1348 833 1402 hic
850 1366 956 1417 magnus
974 1349 1041 1402 inter
1060 1348 1145 1402 varios
1160 1348 1261 1418 imperii

162 1416 322 1538 pprmicerios
347 1423 377 1470 ut
398 1423 497 1470 cunctis
519 1415 650 1486 smperct‘l
684 1417 812 1482 affirmet,
836 1424 866 1470 ut
890 1435 972 1487 nuper
988 1418 1020 1471 de
1037 1417 1261 1487 stretopedsrchs,

193 1486 297 1546 eursius,
333 1491 361 1541 st
388 1502 445 1538 cum
467 1484 534 1538 alius
558 1484 634 1538 sitin
650 1485 709 1538 sula
727 1486 885 1553 primicerius
901 1482 1110 1558 (πριμμικήριος
1127 1485 1193 1538 enim
1209 1487 1259 1555 τῆς

162 1549 249 1622 αὐλῆς
265 1555 360 1624 legitur
376 1553 533 1623 frequentius
549 1553 577 1606 in
593 1555 786 1623 sequentibus),
802 1555 862 1608 ideo
881 1572 924 1610 me
965 1573 994 1610 us
1010 1555 1067 1621 bic,
1085 1555 1145 1624 quis
1156 1555 1196 1606 illi
1213 1571 1260 1608 cs·

161 1624 278 1692 terisque
295 1623 468 1695 praeeminet3
488 1628 517 1675 et
533 1640 565 1676 es
581 1639 659 1676 causa
674 1625 853 1692 primscers'us‚
870 1641 920 1693 quo
943 1664 952 1690 ,
976 1630 1006 1678 ut
1021 1624 1088 1678 infru
1104 1624 1194 1676 scribit
1212 1640 1258 1677 au-

161 1698 233 1758 ctor,
251 1693 286 1744 sit
302 1689 342 1755 sic
357 1689 389 1744 τὸ
407 1689 549 1758 φοσσοῖτον
566 1685 674 1758 κεφαλὴ
688 1693 738 1759 τῆς
756 1693 897 1762 βασιλικῆς
913 1690 1082 1759 συντάξεως,
1098 1693 1128 1746 s'n
1145 1693 1257 1748 esercs'tu

160 1762 323 1830 imperatorii
340 1761 475 1814 comitatus
492 1777 537 1812 seu
552 1760 691 1814 ministerii
707 1762 842 1832 princepss
867 1761 912 1830 qui
935 1763 1013 1829 vulgo
1031 1761 1106 1815 aulici
1124 1761 1260 1814 ministerii

162 1846 219 1882 cum
237 1836 364 1898 potestate
378 1834 497 1893 curator,
515 1829 540 1880 le
555 1829 646 1898 grand
659 1832 774 1882 maistre.
810 1829 882 1882 favet
898 1830 957 1882 voci
974 1832 1035 1883 dats
1053 1847 1068 1882 u
1085 1831 1205 1896 Gregers
1216 1829 1258 1882 in·

160 1896 349 1968 terpretsti07
372 1898 403 1950 8:
429 1897 607 1966 primicerium
629 1897 695 1948 enim
712 1897 785 1965 quasi
808 1897 907 1964 ¹rituum
925 1895 1039 1966 κύριον,
1063 1906 1091 1950 et
1109 1899 1194 1967 aptius
1210 1893 1258 1966 μέ-

159 1985 214 2036 γαν
238 1962 336 2030 κύριον
358 1963 445 2018 vertit.
480 1963 528 2018 sul
552 1959 604 2034 pis
626 1959 664 2032 δὴ
690 1959 762 2019 ἔστιν
828 1967 885 2021 τῶν
907 1964 1042 2021 τοιούτων
1057 1963 1254 2050 καραιρθοροὶν

159 2051 226 2088 τινα
251 2036 291 2107 τῷ
306 2035 404 2104 μακρῷ
419 2029 511 2106 χρόνῳ
529 2027 663 2086 παθόντα
679 2028 808 2101 duodenis
823 2053 882 2096 πως
897 2031 1102 2122 ὑπεμριαίνουσι
1119 2051 1171 2101 την
1187 2030 1256 2102 οἶλή·

159 2106 255 2157 asem.
290 2099 340 2156 τὸν
357 2105 412 2171 γάρ
428 2121 473 2156 τοι
488 2102 539 2170 τῆς
555 2102 689 2163 Βοιωτίας
704 2100 752 2154 καὶ
768 2102 824 2156 τῶν
844 2103 945 2173 Θηβῶν
961 2099 1101 2225 αρχηρόν,
1124 2097 1187 2155 ἀντὶ
1205 2120 1253 2170 με-

157 2169 246 2240 peiles
262 2169 474 2241 πριμμικηρίον,
496 2167 615 2240 percitos
632 2167 730 2239 κύριον
745 2165 912 2239 ὀνομάζουσι
927 2173 995 2239 νῦν,
1019 2187 1032 2224 s
1047 2191 1060 2234 ς
1075 2169 1158 2225 τοῦτο
1178 2187 1250 2239 ταρ-

157 2236 318 2310 ενιχθέντες
339 2235 369 2294 ἐκ
388 2241 439 2294 τοῦ
460 2241 670 2309 παρενεχθῆναι
694 2233 746 2309 τὴν
768 2235 881 2310 πρώτην
912 2235 1061 2310 συλλαβήν.
1096 2239 1165 2308 quod
1189 2257 1252 2294 vcro

157 2311 298 2381 praemittit
323 2309 447 2364 boeotius
467 2308 607 2378 principem
630 2309 681 2362 ism
703 2326 719 2363 a
743 2309 912 2364 comessum
928 2309 1063 2383 primicerii
1084 2325 1175 2362 nomen
1190 2308 1254 2364 ede-

156 2384 246 2450 ptum,
262 2377 356 2432 nullam
373 2376 439 2450 apud
454 2394 496 2431 ms
511 2377 588 2432 fidem
604 2383 723 2434 meretur.

241 2488 270 2546 p.
285 2471 305 2530 9
319 2485 346 2526 v.
361 2471 390 2532 8.
425 2464 549 2542 Magnus
571 2463 779 2545 eoniostaulus,
810 2486 902 2526 comes
923 2467 1048 2545 stabuli,
1064 2466 1152 2526 Gallis
1176 2486 1254 2526 σοντι

156 2554 251 2612 stalle.
278 2571 381 2610 nomen
396 2553 549 2610 conflatum
561 2570 596 2610 ex
609 2557 698 2610 centes
711 2571 762 2610 seu
776 2559 850 2612 cento
864 2572 973 2631 comes,
993 2559 1023 2610 et
1040 2553 1141 2612 staulos
1155 2552 1253 2612 stabu-

155 2639 221 2700 lum
263 2627 479 2696 Cantacuzeuus
504 2638 523 2700 1
553 2633 611 2702 40:
639 2641 798 2714 comperiunt
812 2639 957 2717 μακάριοι
981 2633 1153 2710 Subuuds'ce,
1177 2655 1252 2714 quens

155 2723 315 2785 Lotinmm
332 2724 530 2799 linguecusten
546 2727 643 2791 soccis
666 2721 732 2796 quia
753 2742 787 2782 es
806 2727 899 2781 aetate
913 2722 1042 2800 princeps
1060 2723 1115 2782 iste
1132 2721 1252 2780 necdum
1328 2771 1332 2782 .

155 2815 216 2867 erat
237 2810 294 2866 dur
311 2809 362 2866 sed
383 2824 484 2866 comes.
527 2805 659 2882 Synodus
685 2807 860 2866 Florentina:
886 2805 1062 2882 ἐκαθέζοντο
1083 2803 1118 2869 dl
1136 2808 1253 2886 κοβαλ-

154 2891 257 2974 λοὶριοί
269 2915 301 2954 τε
314 2891 365 2954 καὶ
385 2889 557 2973 pessimos,
578 2884 679 2953 κὸντοι
696 2891 747 2954 καὶ
766 2886 919 2966 δονκοὶδες.
941 2897 986 2950 est
1008 2893 1092 2950 etiam
1115 2891 1252 2950 recentio-

153 2977 230 3036 ribus
246 2977 359 3036 Grsecis
374 2973 481 3040 sessis·
494 2978 583 3050 mese,
605 2981 723 3048 curtum,
747 2976 828 3052 lues,
855 2996 986 3056 persum3
1006 2978 1082 3034 unde
1102 2979 1251 3036 conturbem

153 3065 225 3120 sseri
239 3064 326 3121 odarii
340 3081 437 3139 genus
480 3061 625 3120 Cedrenus
639 3061 736 3119 scribit
758 3062 898 3137 quendam
918 3060 1089 3140 appellatum
1103 3080 1166 3120 esse
1179 3083 1266 3134 κον-,

153 3146 293 3209 cultorne
307 3152 337 3206 et
353 3147 437 3206 alium
454 3143 692 3224 κοντοστέφανον
706 3145 743 3204 ob
758 3149 940 3225 parvitatem,
961 3147 1041 3223 qussi
1058 3165 1173 3226 pereum
1193 3146 1248 3205 lee-

153 3251 212 3291 nem
228 3237 259 3290 et
272 3251 385 3310 passum
399 3231 571 3312 Stephanum.
592 3236 636 3289 est
649 3232 733 3290 etiam
744 3229 837 3293 κοντοὶ
851 3233 994 3310 πλησίον,
1011 3247 1101 3312 prope.
1118 3233 1249 3294 σταῦλον

153 3335 205 3375 seu
224 3319 348 3388 σταῦλος
362 3335 396 3374 ex
409 3313 513 3374 Latino
534 3315 666 3374 stabulum
689 3318 845 3376 detortum:
866 3335 932 3375 nam
955 3317 1057 3376 extrita
1080 3315 1162 3377 unica
1184 3315 1248 3374 lite-

152 3401 216 3462 sula
228 3401 245 3458 b
258 3401 344 3458 habes
363 3399 487 3463 siculum.
508 3400 574 3458 hine
590 3400 674 3458 etiam
694 3401 841 3460 Germanis
864 3407 910 3460 est
930 3400 1010 3475 stall,
1030 3399 1165 3476 stallung,
1187 3404 1248 3459 ein-

152 3486 303 3558 stulliesm,
323 3485 401 3560 quod
417 3484 542 3544 barbaris
555 3487 714 3556 installcrc,
734 3487 842 3545 stallum
859 3505 911 3546 seu
924 3485 1074 3544 stationem
1092 3486 1246 3561 assignare.

152 3591 205 3630 nec
217 3571 323 3630 mireris
336 3570 360 3628 si
374 3569 470 3628 talium
483 3570 561 3647 origo
574 3589 593 3628 a
606 3571 741 3629 vocabulo
754 3571 886 3630 stabulum
898 3576 1057 3650 repetatur,
1071 3589 1133 3628 cum
1147 3570 1246 3629 eedem

151 3674 208 3715 vor
231 3654 408 3714 contostardo
431 3673 533 3713 nomen
554 3656 675 3733 tribuat,
695 3663 725 3715 et
745 3657 858 3732 quidem
882 3655 1078 3729 honorificum
1104 3655 1246 3731 hodieque

152 3742 197 3801 die
206 3739 388 3816 stallmeister,
409 3739 536 3818 magistri
547 3740 667 3818 stabuli,
681 3759 784 3818 magno
798 3741 860 3802 loco
874 3747 941 3802 sunt
954 3743 984 3800 in
999 3739 1067 3799 auis
1081 3741 1246 3817 principum.
1314 3789 1315 3804 ,

150 3826 280 3885 scribitur
289 3825 374 3886 etiam
385 3828 583 3898 κσνσταῦλος,
597 3825 648 3884 sed
661 3827 763 3884 rectius
777 3831 822 3885 est
838 3827 914 3904 prius
927 3826 1004 3886 illud.
1019 3824 1162 3885 habebant
1174 3843 1247 3899 quo-

151 3929 208 3986 que
220 3916 330 3971 veteres
338 3909 440 3970 Franci
457 3911 585 3971 comitem
602 3909 725 3990 stabuli,
745 3917 779 3971 ut
797 3911 891 3970 videre
914 3912 1002 3971 estin
1019 3911 1101 3989 epist.
1119 3909 1140 3972 3
1156 3910 1246 3968 Hinc·
1335 3963 1339 3968 .

150 3996 221 4056 mari
236 4015 260 4054 c.
280 3999 336 4070 163
357 4012 442 4070 quem
454 3995 557 4074 vulgus
575 4003 706 4075 corrupte
726 3995 887 4078 appellabat
911 3995 1120 4072 constabulum,
1146 3999 1179 4052 ut
1198 3998 1245 4051 est

150 4082 229 4160 apud
238 4079 415 4158 Reginonem
427 4079 445 4139 l.
459 4088 488 4147 2.
508 4086 539 4139 et
550 4083 627 4162 apud
648 4082 767 4160 Tyrium
782 4083 886 4162 passim
900 4082 994 4160 legere
1011 4085 1057 4140 est
1075 4077 1244 4139 constabula-

150 4170 219 4226 m'us.
248 4166 336 4226 habes
353 4172 384 4226 et
403 4165 521 4246 simplex
541 4168 705 4227 stabularius
725 4171 802 4247 apud
823 4166 1001 4246 Anonymum
1021 4168 1042 4230 8
1067 4165 1087 4228 6
1108 4162 1145 4221 de
1170 4161 1246 4222 bello

148 4257 244 4312 satro:
266 4251 401 4315 &medus
410 4251 524 4315 Hmrisi
535 4249 588 4316 HI
594 4253 766 4315 eutulanus.
