2802 4686
345 297 401 364 DE
427 299 603 368 ourlctls
630 301 799 370 (tu-car.
825 303 921 370 XXI.
946 305 1060 375 XXII.
1179 309 1250 380 107

154 465 220 556 ἤτοι
233 470 322 557 μίχρι
340 459 465 537 καὶτῶν
480 461 698 555 νενομισμένων
711 472 858 556 ίννιίόων,
875 478 925 542 καλ
937 477 1015 562 μετὰ
1028 485 1117 545 τοῦτο
1133 475 1250 566 ίρχεται

154 574 260 650 νυκτός
272 576 323 638 καί
337 584 502 660 προσκυνεῖ
512 575 566 640 τόν
580 579 709 658 βασιλέα
722 585 954 662 μελανειμονῶν,
986 583 1036 646 καί
1053 580 1152 648 ἴκτοτε
1166 583 1252 660 ἐκτός
1267 592 1288 644 Ρ
1307 590 1358 646 144

155 677 210 762 μίν
226 677 420 762 ἐνδεδυμένος
440 680 503 744 ἐστὶ
522 680 655 761 με’λανα,
686 680 740 745 τόν
759 683 793 746 δὲ
811 682 939 765 βασιλία
962 693 1139 769 προσκυνῶν
1162 696 1255 773 φορεῖ

156 776 302 868 ἢεριίνεο·
339 782 410 848 οὐδὲ
432 782 491 870 γὰρ
515 783 707 868 ε’νδεόομίνον
731 785 794 851 ἐστὶ
818 791 1039 872 μελανειμονῶν
1064 789 1095 854 ίν
1121 793 1164 878 τῷ
1188 816 1250 858 πα-

132 886 258 975 ὄλοτίιρ.

449 1028 961 1130 Κεφόλυισνκβ.
1058 1103 1060 1110 ,
1268 1052 1325 1118 n'

478 1150 553 1221 Περὶ
562 1147 756 1221 μελλονύμηης
766 1150 924 1222 δεσποίνης.

258 1258 332 1345 Χρὴ
352 1261 402 1324 καὶ
417 1268 507 1330 τοῦτο
527 1262 691 1349 γινώσκειν,
717 1263 763 1331 ότι
778 1259 1073 1351 δεσποίνης-’νύμφης
1092 1264 1254 1349 ἐρχομένης

158 1358 275 1439 ίξωθεν
295 1362 315 1446 ἢ
336 1364 388 1428 διὰ
411 1370 505 1452 ξηρῶς
524 1365 544 1450 ἢ
561 1367 611 1432 tat
627 1366 804 1450 θαλάσσης,
829 1367 908 1432 κατὰ
921 1367 976 1451 τὴν
990 1364 1106 1453 ημίραν
1122 1367 1199 1432 καθ’
1215 1366 1253 1450 ἣν

118 1483 153 1538 10
159 1465 260 1547 μέλλει
279 1467 480 1552 ἀποσωθῆναι
505 1473 547 1546 εἷς
566 1469 622 1552 τὴν
644 1468 730 1536 πόλιν
745 1471 931 1554 ἐγνωσμένην
947 1462 1041 1535 οὖσαν
1056 1475 1255 1559 προσυπαντηῖ

157 1566 271 1652 ταύτην
283 1565 300 1632 ό
313 1572 456 1650 βασιλεύς
470 1575 519 1638 καὶ
536 1572 612 1657 ἀνὴρ
627 1573 720 1658 αὐτῆς
734 1570 750 1637 ό
765 1571 932 1660 νεόνυμφος
945 1574 1023 1656 μετὰ
1037 1581 1092 1638 τοῦ
1102 1575 1253 1655 βασιλέως

159 1673 210 1736 καὶ
227 1671 341 1757 πατρὸς
357 1673 450 1738 mimi
459 1722 469 1753 ,
495 1679 521 1741 εἰ
538 1678 700 1762 περίεστιν·
729 1677 754 1739 εἰ
771 1676 802 1739 (λ’
821 1670 884 1756 σόν,
904 1675 994 1753 αὐτὸς
1007 1673 1108 1758 μόνος.
1159 1678 1209 1742 καί
1225 1678 1291 1748 etc

159 1775 215 1856 μὲν
230 1774 282 1838 διὰ
298 1779 393 1858 ξηρᾶς
406 1777 542 1862 ίρχεται,
576 1775 705 1858 πεζεύειν
722 1775 817 1860 αύτὴν
832 1779 964 1844 εἴθισται
983 1781 1050 1864 περὶ
1066 1780 1122 1860 τὴν
1135 1776 1254 1863 Πηγήν,

162 1879 189 1942 εί
210 1877 243 1939 δὲ
263 1876 339 1958 μετὰ
360 1886 501 1963 τριηρῶν,
533 1883 660 1962 πλησίον
678 1885 826 1944 τοῦνναοῢ
847 1887 908 1945 τῶν
923 1883 1106 1965 Βλαχερνῶν
1129 1881 1188 1958 ἔξω
1203 1888 1258 1964 τῆς

118 1967 154 2052 15
163 1975 297 2055 πόλεως,
323 1973 398 2042 ὅπου
420 1979 458 2044 όν
479 1978 564 2064 τύχοι
586 1980 660 2047 εἶναι
683 1980 858 2062 ἐπιτήδειον.
908 1981 1260 2067 προκαταλαμβάνουσαν

161 2083 263 2146 τοίνυν
277 2081 333 2164 τὴν
346 2084 522 2170 καταγωγὴν
542 2083 562 2166 ἢ
583 2087 718 2150 ἐνταῦθα
739 2083 760 2166 ἢ
781 2085 844 2149 ἐκεῖ
857 2085 890 2148 οἳ
903 2091 965 2149 τῶν
982 2085 1192 2167 ἀξιωματικῶν
1207 2087 1259 2150 καί

163 2189 370 2269 συγκλητικῶν
391 2190 441 2254 καὶ
461 2193 521 2252 τῶν
544 2193 656 2253 λοιπῶν
677 2186 832 2272 ἀρχόντων
844 2197 982 2274 γυναῖκες
996 2188 1027 2252 αἱ
1043 2189 1195 2273 κρείττους
1208 2191 1259 2252 καὶ

163 2287 366 2372 εύγενίστεραι
379 2287 577 2372 όποόίχονται
592 2289 647 2374 την
662 2291 821 2356 δέσποιναν
834 2293 884 2357 καί
900 2288 1069 2378 νεόνυμφον
1085 2292 1257 2376 ἐρχομένην,
1274 2307 1298 2360 D

164 2387 442 2478 φιλοφρονούμεναι
463 2399 628 2473 βασιλικῶς
644 2392 801 2476 αὐτὴνκαὶ
816 2392 1061 2480 θεραπεύουσαι,
1087 2419 1262 2480 προσυπου-

122 2490 286 2562 Ξοτῶντων
298 2495 348 2557 καὶ
361 2501 422 2560 τῶν
433 2497 594 2577 βασιλέων,
619 2495 641 2580 ἢ
657 2499 708 2560 καὶ
721 2497 902 2583 ἀμφοτέρων
917 2496 937 2580 ἢ
953 2503 1009 2562 τοῦ
1023 2495 1194 2582 νεονύμφου
1209 2500 1260 2561 καὶ

166 2593 273 2680 μόνου,
302 2594 340 2660 ῶν
353 2599 396 2682 μὴ
412 2601 462 2662 καί
478 2599 577 2685 πατὴρ
591 2591 611 2687 ᾖ
620 2647 630 2678 ,
656 2597 797 2687 καθάπερ
815 2599 939 2688 εἴρηται.
992 2602 1018 2666 εἰ
1039 2599 1094 2682 μὲν
1115 2593 1168 2665 οὖν
1183 2600 1260 2683 μετὰ

235 2743 269 2796 14
283 2738 423 2811 κατέργων
438 2741 460 2795 Α
563 2745 600 2797 16,
612 2740 661 2810 αὶ]
678 2739 725 2796 καλ
744 2741 767 2797 Ρ

166 2862 259 2916 diebus
276 2861 356 2914 lootui
372 2859 520 2929 destinatis,
537 2859 662 2914 videlicet
677 2877 761 2930 usque
778 2863 811 2916 ad
826 2877 920 2915 nonum
937 2861 1015 2928 diem,
1032 2879 1062 2914 se
1079 2861 1206 2914 eontinet.
1233 2869 1262 2916 et

167 2940 260 3003 postea
275 2938 354 2984 noctu
370 2931 457 2998 venit,
479 2929 638 2998 indutusque
657 2930 741 2998 nigris
761 2931 879 2984 vestibus
898 2930 1079 3000 imperatorem
1097 2932 1198 2984 adorat.
1233 2939 1261 2984 et

168 3004 200 3054 ab
218 3001 268 3054 hoo
285 3009 402 3069 ternpore
419 3007 493 3052 extra
509 2998 633 3068 palatium
650 2999 768 3069 induitur
782 3000 946 3054 vestimentis
961 3001 1053 3068 nigris,
1070 3015 1127 3053 eum
1144 3017 1209 3052 vero
1226 3001 1260 3053 ed

168 3071 348 3142 imperatorem
367 3069 542 3121 venerandum
558 3070 693 3139 procedit,
718 3077 807 3141 portat
830 3069 931 3138 σκοτίας
955 3087 1041 3139 neque
1065 3071 1133 3123 enim
1154 3071 1196 3123 faa
1220 3078 1262 3122 est

170 3140 259 3210 nigras
275 3148 362 3194 vestes
376 3139 405 3192 ia
420 3138 520 3210 palatio
535 3138 618 3192 ferre.

465 3347 467 3354 ,
519 3349 527 3359 ι
581 3275 753 3360 Caput
800 3281 850 3342 22.

460 3376 499 3429 De
520 3380 615 3444 futuro
639 3395 733 3446 eponae
756 3381 781 3430 et
803 3375 977 3445 imperatrice.

240 3478 355 3549 Oportet
370 3484 398 3531 et
414 3477 465 3532 hoc
481 3479 560 3534 scire.
594 3478 699 3533 domina
721 3495 818 3547 sponsa
833 3496 946 3548 peregre
964 3478 1120 3532 adveniente
1136 3479 1178 3532 vel
1195 3484 1267 3532 terre

173 3547 314 3614 volneri,
338 3547 385 3600 ubi
407 3548 463 3600 dies
483 3548 529 3602 ille
553 3565 604 3616 quo
629 3547 770 3631 appulsum
795 3556 822 3601 et
843 3551 934 3602 urbem
950 3548 1071 3616 ingressa
1087 3553 1128 3600 est
1144 3548 1267 3616 innotuit,

173 3617 286 3671 occurrit
303 3617 329 3668 ei
342 3617 485 3684 imperator
500 3619 607 3670 maritus
625 3635 690 3681 erus,
709 3632 792 3668 novus
807 3635 926 3687 sponsae,
946 3635 1002 3670 cum
1017 3617 1176 3687 imperatore
1192 3627 1269 3687 patra

174 3703 230 3755 auo,
248 3686 271 3739 si
288 3684 324 3738 sit
336 3693 484 3754 superstes:
501 3684 543 3739 sin
560 3687 659 3754 minus,
676 3685 735 3754 ipse
752 3684 832 3737 aolus.
868 3695 896 3738 et
913 3686 1031 3756 quidem,
1057 3687 1081 3739 si
1098 3693 1169 3740 terra
1187 3689 1269 3740 adve-

174 3755 245 3821 niet,
270 3754 459 3808 consuetudine
475 3765 609 3824 receptum
629 3763 670 3808 eet
686 3763 717 3808 ot
734 3754 848 3823 appellat
864 3756 897 3807 ad
914 3755 997 3808 locum
1014 3772 1089 3824 quem
1107 3756 1141 3807 ad
1157 3757 1269 3808 Fontem

174 3825 316 3884 nominent.
352 3822 393 3876 sin
411 3824 438 3876 in
455 3824 613 3892 triremibus,
639 3833 701 3878 tuno
720 3825 855 3878 exeoendit
870 3842 953 3896 prope
971 3824 1093 3894 templum
1109 3825 1269 3876 Blacherna-

175 3910 231 3946 rum
256 3900 330 3946 extra
353 3891 501 3960 civitatem,
526 3894 572 3946 ubi
596 3895 755 3946 commodum
778 3893 869 3946 fuerit.
904 3901 1096 3965 praeoccupato
1113 3893 1195 3961 igitur
1212 3893 1271 3946 aive

175 3961 218 4016 hio
235 3961 293 4014 sive
310 3960 365 4014 illio
380 3962 537 4028 diversorio,
555 3979 642 4015 eorum
659 3964 705 4032 qui
722 3962 749 4014 in
767 3978 887 4031 suprema
903 3963 1032 4031 dignitate
1048 3967 1123 4025 eunt,
1149 3970 1177 4013 et
1193 3979 1271 4014 seua·

176 4039 259 4084 torum
277 4038 305 4084 et
319 4029 478 4100 reliquorum
497 4030 642 4102 principum
658 4047 755 4084 uxores
772 4031 976 4114 praestantiores
993 4040 1020 4083 et
1036 4028 1178 4082 nobiliores
1195 4029 1268 4083 exci-

174 4099 251 4170 piunt
265 4099 394 4153 dominam
411 4107 438 4153 et
454 4117 546 4154 novam
563 4117 697 4170 sponsam,
723 4117 796 4168 regne
819 4097 889 4152 illam
907 4108 934 4153 et
951 4099 1020 4152 omni
1036 4097 1203 4151 humanitatis
1220 4116 1267 4166 ge-

175 4187 239 4222 nere
257 4178 446 4240 prosequentes
464 4177 543 4238 atque
560 4169 726 4238 honorantes,
745 4169 943 4222 occurrentibus
961 4168 1039 4220 etiem
1057 4165 1269 4235 imperatoribus,

175 4237 218 4290 vol
233 4246 344 4308 utroque
359 4238 404 4292 vel
420 4255 489 4292 novo
506 4254 603 4308 sponso
621 4237 690 4306 solo,
708 4238 735 4292 ai
750 4245 826 4308 pater
842 4255 894 4290 non
911 4241 1040 4307 superest,
1057 4241 1135 4302 prout
1152 4235 1267 4304 expliea-

175 4315 228 4360 tum
246 4316 296 4364 est.
332 4307 356 4361 ei
371 4325 434 4378 ergo
451 4308 480 4363 in
497 4307 598 4373 trimam
614 4307 718 4378 veniet,
744 4306 838 4362 obvius
856 4305 888 4360 fit
903 4305 943 4358 illi
959 4304 1032 4358 eirea
1047 4318 1133 4355 arcem
1150 4303 1184 4357 ad
1205 4319 1268 4373 por-
