2798 4690
508 313 565 434 τα
583 311 734 384 coouu
760 314 845 388 car.
869 317 913 386 v.
1179 317 1256 392 aar
1340 423 1344 431 ι

160 479 308 544 Basilicae:
329 472 508 562 κορτελίνσῖ,
535 474 662 556 ου’τελῶς
682 479 820 565 θυρωροὶ
848 484 906 546 νοῶ
925 480 1118 565 πραιτωρίου.
1140 482 1259 548 observa
1347 541 1349 544 .

161 565 270 625 Iunium
285 566 346 645 hic,
369 559 431 628 ἄλλ’
451 558 508 628 οὖν
521 561 603 628 κάτω
615 565 767 644 ἵστανται,
788 559 845 630 οὖν
859 568 983 648 accipere
996 589 1049 648 pro
1060 563 1099 631 οῶ
1105 594 1116 646 3
1134 571 1260 648 dicitque

161 647 193 714 τδ
211 659 230 714 ν
249 669 312 710 esse
324 653 449 730 ineptam
467 669 631 729 paragogen
653 652 815 712 recentioris
840 653 989 729 Graeciae3
1009 654 1095 730 idque
1113 657 1261 716 confirmat

160 755 195 796 ex
217 735 277 798 aliis
297 737 407 795 duobus
424 737 527 796 Codini
546 735 631 812 locis,
652 737 701 794 ubi
720 743 804 814 putat
828 729 885 800 οὖν
906 759 959 818 pro
982 735 1020 802 οῶ
1036 740 1138 818 accipi..
1162 761 1259 802 verum

160 839 214 880 nos
227 821 321 899 potius
335 822 473 881 credimus
484 821 593 880 duobus
606 819 787 901 illisiones.
808 823 846 888 14
863 829 895 882 et
915 844 938 883 α
956 825 995 886 17
1015 819 1049 885 τδ
1064 826 1083 885 ν
1097 843 1159 884 esse
1178 845 1260 884 assu-

159 913 286 965 mentum
305 907 394 985 inepti
414 905 531 984 librarii‚
558 905 764 984 legendumque
786 900 839 983 οδ,
859 901 918 969 non
941 899 1013 972 oric:
1034 925 1068 968 eo
1089 915 1182 970 autem
1194 910 1259 972 loco

142 1061 144 1066 ¹
161 991 270 1069 dequo
285 991 331 1050 hic
343 991 497 1071 loquimur,
518 982 575 1055 σῶν
588 1000 664 1052 recte
677 993 762 1076 poni,
781 1011 874 1075 neque
893 1013 945 1075 pro
969 994 1100 1073 negativa
1122 995 1258 1076 particula

161 1069 349 1156 odacarpari.
745 1075 748 1085 '
917 1086 922 1095 ’

230 1176 266 1228 id.
283 1189 310 1230 v.
328 1162 438 1242 18.’,τῆς
455 1167 634 1244 προκῶψεας]
650 1173 769 1241 videant,
789 1173 871 1244 inquit
888 1169 1033 1241 Menrsina,
1053 1190 1086 1230 an
1104 1179 1175 1230 recta
1191 1177 1259 1231 cdo·

163 1244 289 1298 rationem
305 1251 332 1297 et
349 1244 492 1298 οταλοτίυπ
510 1242 561 1296 viri
580 1243 650 1297 docti
665 1245 715 1297 aiot
731 1243 916 1312 interpretati.'
936 1260 1068 1316 nusquam,
1085 1245 1192 1300 Maursi.
1216 1247 1274 1300 est

163 1313 228 1366 enirn
245 1313 272 1365 in
288 1311 416 1383 profanis,
433 1311 540 1368 theatris
558 1319 585 1366 et
602 1312 771 1383 spectaculis,
788 1309 934 1380 πρόκοφις.
970 1331 1002 1367 aa
1017 1313 1190 1381 (tennensium
1200 1331 1257 1368 rua-

163 1381 284 1450 giatratus
304 1398 360 1435 cum
380 1382 531 1452 proceribus
548 1387 634 1435 natans
661 1397 746 1436 coram
771 1381 925 1451 imperatore
949 1377 989 1444 τίς
1011 1375 1063 1436 cdv
1083 1377 1182 1448 καιρὸν
1204 1383 1263 1451 τῆς

161 1447 325 1516 ττροκδφεως
342 1469 366 1503 ο.
385 1451 412 1506 7.
446 1449 569 1504 orationis
588 1451 675 1504 forsan
692 1451 829 1520 temporeo
848 1451 897 1504 ino
912 1468 973 1504 vero
987 1450 1100 1520 prandii,
1115 1447 1193 1520 μέχρι
1204 1453 1257 1519 τῆς

162 1514 308 1587 τραπέζης.
342 1519 370 1572 iu
387 1509 496 1574 ccclesia
513 1519 554 1572 vel
570 1515 684 1574 saaeuot
718 1526 815 1574 tantum
833 1520 922 1572 abacta
944 1519 970 1572 in
991 1520 1115 1586 triclinio,
1138 1521 1181 1574 ubi
1198 1537 1257 1574 eum

163 1589 235 1642 curia
250 1596 402 1654 veneratur,
420 1586 460 1651 εἰς
474 1582 528 1656 τῆν
543 1585 724 1655 παράστασιν.
759 1605 822 1657 ergo
841 1587 902 1641 nihil
920 1588 1039 1642 semotius
1054 1590 1087 1642 ab
1104 1589 1216 1643 oratorio
1228 1591 1257 1642 et

68 1711 75 1718 ,
163 1657 316 1738 οδοιωλίοοοΙ
329 1673 405 1727 quam
421 1653 570 1724 πρόνυφις.
607 1673 638 1709 an
655 1657 746 1710 iterum
762 1656 830 1727 apud
851 1657 972 1710 Conueni
989 1655 1067 1712 filiam
1083 1658 1102 1712 1.
1122 1659 1257 1714 unlexiua

162 1732 239 1798 pater
255 1743 320 1790 περι
336 1720 372 1779 τῶ
390 1723 532 1794 κρήδεμνα
547 1719 697 1793 προκύψας
713 1721 805 1794 ὁμιλεῖ
818 1729 878 1786 τοῖς
900 1722 1046 1788 Σκῶδασςτ
1078 1745 1108 1780 ιτ
1129 1729 1256 1780 moenium

161 1795 250 1864 pinnis
268 1795 410 1848 inclinatur
426 1795 531 1862 Scythia
555 1795 726 1862 τολλοηαλλυστ
750 1793 810 1862 quid
829 1799 886 1845 oret
901 1801 945 1846 aut
961 1794 1023 1871 quid
1039 1795 1145 1860 adorat,
1173 1796 1257 1850 nulius

163 1861 288 1930 agnoscr‘t.
321 1858 411 1916 eodem
420 1863 485 1916 libro
498 1862 636 1929 imperator
651 1861 716 1915 idern
733 1855 790 1915 ἀπὸ
806 1863 857 1914 τοῦ
872 1860 982 1931 τείχους
994 1861 1162 1932 προκύπτει,
1179 1879 1258 1932 egre·
1281 1891 1284 1900 ·

163 1932 206 2000 gie
223 1948 285 1984 sane
299 1930 451 1993 distractus,
470 1931 514 2000 qui
530 1931 562 1983 dc
579 1929 694 1984 oratione
709 1946 759 1982 non
771 1937 811 1983 est
819 1929 951 1986 sollicitus.
985 1938 1113 1985 caeterum
1125 1933 1185 2002 qnid
1195 1949 1258 2002 ger·

162 2017 235 2054 mana
250 1997 390 2066 πρόκοφις
405 1999 514 2067 indicat,
531 1999 598 2052 haud
615 1999 708 2054 reticet
725 1999 846 2058 Nicatasc
864 2000 958 2070 probat
972 1999 1016 2082 qai
1034 2001 1137 2054 Graeca
1154 2019 1205 2054 non
1216 2001 1259 2122 i}-

164 2075 240 2130 norat
256 2068 366 2122 auctoris
385 2069 482 2122 Graeci
498 2076 616 2124 mentem.
649 2068 675 2121 in
697 2069 784 2121 Alexio
805 2069 859 2123 1.1
886 2065 966 2138 ἔστη,
982 2068 1082 2138 rnquit,
1098 2063 1224 2123 ἐπῶνωτ
1243 2099 1258 2114 -

163 2155 221 2191 που
237 2131 349 2206 δφηλσῶ
365 2130 498 2206 ἐξαίφνης
515 2138 628 2205 φανείς,
651 2132 771 2205 ποιήσας
793 2132 846 2206 τῆν
867 2137 919 2199 ηδε
942 2133 1091 2207 λεγομένην
1106 2135 1259 2211 πρόκυψιν,

164 2208 197 2261 de
213 2205 270 2260 loco
287 2205 400 2259 nimirum
415 2205 578 2259 eminentiore
594 2208 840 2275 promontoriorum,
857 2223 888 2260 eo
908 2206 975 2274 quod
996 2206 1050 2259 eius
1069 2207 1175 2260 thronus
1197 2224 1260 2280 sup-
1299 2219 1310 2232 ”

166 2275 281 2346 pedaneo
299 2291 330 2328 ac
347 2274 459 2344 pluribus
476 2275 597 2344 gradibus
615 2275 728 2328 elevatus
747 2292 803 2328 eum
820 2275 891 2328 velut
908 2276 1033 2329 acclinem
1053 2274 1085 2327 de
1097 2277 1200 2331 excelso
1211 2294 1261 2345 pa-

166 2346 252 2418 pulum
269 2343 338 2401 iutra
353 2343 462 2413 positum
478 2344 606 2414 respicere
623 2344 785 2398 concederet
816 2344 883 2402 haud
901 2351 1022 2398 memorat
1039 2343 1156 2414 quidem,
1179 2345 1261 2418 aptia-

164 2414 227 2468 sime
246 2419 330 2466 nmen
345 2409 488 2481 πρόκαψιν
503 2412 624 2483 describit
643 2414 776 2482 Gregoras
794 2413 828 2466 ad
846 2420 982 2467 extremam
1006 2413 1127 2467 historiae
1154 2414 1259 2469 daleam.

164 2475 252 2566 δῆλόν
269 2475 324 2535 ἐστι
342 2485 403 2543 τοῖς
417 2476 522 2534 ἅπασιν
539 2476 576 2544 ῶς
597 2476 630 2534 oct
645 2483 698 2535 τοῦ
718 2477 852 2536 ἐπιπέδου
876 2476 907 2536 ἐκ
933 2477 1083 2550 διαμέτρου
1106 2476 1194 2549 οἲκρίτ
1214 2499 1258 2547 τες

164 2569 220 2606 των
237 2551 385 2621 βασιλικῶν
400 2551 545 2615 τρικλίνων
560 2546 717 2618 ἀμφότεραι
733 2547 915 2618 δπέρκεινταί
928 2567 985 2602 που
1000 2551 1053 2606 τοῦ
1074 2547 1175 2620 μεταξδ
1194 2501 1258 2608 ἐπι-

163 2615 253 2674 πέδου
269 2615 334 2688 ῶχρι
350 2615 399 2672 καλ
414 2617 443 2680 ἐς
456 2619 549 2686 τρίτον
568 2620 722 2688 σπιθαμῆς,
745 2617 794 2674 καλ
809 2615 926 2690 μάλιστα
943 2613 999 2688 ὅπη
1016 2617 1066 2674 καί
1082 2615 1098 2674 δ
1117 2615 1258 2690 βασιλικὸς

164 2685 259 2757 ἕστηκε
276 2683 398 2756 θρόνος,
422 2682 459 2742 ἵν’
476 2687 541 2752 ίσως
558 2683 605 2758 ἔχη
623 2707 651 2741 τι
666 2683 720 2742 κῶν
736 2683 827 2742 τοῶτω
843 2684 929 2742 πλέον
944 2689 1000 2742 τῶν
1023 2685 1114 2742 ῶλλων
1138 2685 1154 2742 d
1179 2689 1259 2760 βασι·

166 2753 229 2819 λεῶς
245 2751 404 2824 ίστῶμενος,
429 2753 459 2811 ἐν
476 2775 506 2810 τε
519 2761 582 2820 ταῖς
598 2753 686 2824 ίεραῖς
700 2740 869 2828 ὑμνῳδίαις,
895 2754 944 2810 καὶ
961 2752 1006 2811 ὅτε
1026 2753 1180 2826 διαλέγοιτο
1204 2757 1258 2813 νῦν

164 2821 215 2896 μέν
231 2831 290 2887 τοῖς
304 2821 441 2895 ὑπηκόοις
457 2827 508 2879 νῶν
530 2821 562 2878 dd
585 2831 645 2888 τοῖς
664 2820 692 2890 ἐξ
718 2822 812 2881 ἐθνῶν
835 2821 991 2896 πρέσβεσιν.
1027 2821 1131 2892 ἐξεῖναί
1150 2845 1180 2895 με
1199 2821 1258 2896 μήν

77 2911 81 2916 ’
165 2892 207 2951 ἐπ’
225 2889 331 2964 ἐκείνης
347 2897 397 2962 τῆς
412 2891 531 2956 στάσεως
547 2889 641 2948 oddoni
656 2897 712 2948 τῶν
729 2890 863 2948 ἁπάντων
880 2897 920 2965 τῶ
937 2895 1046 2964 βασιλεῖ
1063 2895 1256 2965 συνίστασθαι,

164 2961 238 3034 πλὴν
253 2965 304 3034 τῆς
319 2961 437 3032 συζύγου
453 2962 502 3018 καλ
518 2963 574 3018 τῶν
590 2959 674 3017 υίέων
690 2962 739 3017 καλ
755 2965 811 3018 τῶν
833 2961 976 3033 ἀδελφῶν,
1002 2962 1158 3034 προσθείην
1175 2961 1200 3018 δ’
1218 2956 1257 3019 ῶν

164 3031 285 3088 καὶτῶν
298 3029 512 3102 πατραδέλφων.
548 3031 656 3087 observa
673 3033 790 3086 Graecos
806 3032 958 3096 hodiernos,
976 3039 1006 3086 ut
1027 3033 1133 3101 aliquem
1152 3033 1257 3086 iubeant

165 3121 181 3156 a
199 3104 313 3156 fanestra
329 3102 371 3155 rel
386 3103 482 3155 exedra
498 3119 558 3172 pros
576 3103 658 3166 icere,
681 3101 766 3155 dicere
782 3098 855 3166 κένψε
872 3104 915 3155 vei
932 3098 1029 3170 σκῶψε.
1063 3119 1096 3156 an
1117 3101 1258 3170 πρόκοψις

165 3171 201 3224 ait
219 3171 282 3223 illud
298 3168 447 3236 περίδοξον
463 3120 632 3238 προσκῆνιον
649 3170 790 3241 βασιλικῆς
806 3166 906 3240 αὐλῆς,
922 3171 947 3224 in
963 3188 1013 3240 quo
1025 3171 1162 3224 moriturus
1173 3171 1257 3224 Tiba-

165 3239 218 3292 rius
237 3239 271 3292 ad
287 3244 403 3292 senatum
418 3239 558 3292 orationem
575 3239 678 3304 habuit,
700 3245 730 3292 nt
748 3239 820 3292 initio
836 3239 854 3292 1.
873 3243 887 3295 l
907 3240 988 3292 refert
999 3239 1146 3302 simocatta,
1164 3246 1190 3294 et
1202 3241 1257 3294 Ce-

140 3341 143 3346 -
167 3308 258 3361 dranus
276 3307 304 3360 in
323 3305 465 3363 Iustiniano
481 3303 652 3375 προσκήνιον
667 3307 717 3375 τῆς
740 3307 892 3378 βασιλικῆς,
919 3307 981 3361 mihi
1001 3308 1099 3377 panitur
1122 3315 1163 3361 eet
1183 3308 1259 3362 indu·

165 3377 248 3430 biumc
266 3381 307 3429 est
322 3372 387 3428 enim
404 3377 473 3447 quod
492 3375 606 3428 Zonaras
621 3372 816 3445 τριβσυνῶλιον
831 3376 857 3428 iu
877 3376 987 3429 eiusdem
1003 3376 1056 3428 vita
1067 3377 1187 3446 appellat.
1210 3379 1258 3430 tri·

165 3445 294 3570 hupalium
311 3451 394 3568 rupem
411 3446 467 3502 riva
480 3445 593 3500 tribunal
605 3445 702 3513 regium
721 3444 782 3514 qnid
800 3444 868 3498 ahud
887 3461 962 3514 quam
974 3439 1129 3516 πρέκυφις,
1152 3445 1186 3501 dc
1207 3461 1260 3518 qua

165 3533 198 3570 no
216 3530 240 3569 re
257 3530 340 3569 armo

251 3622 317 3681 idid
337 3619 519 3680 Bardariotae
539 3639 557 3680 a
575 3619 710 3679 Bardario
724 3618 838 3678 flumine
851 3617 1048 3699 Macedoniae,
1070 3619 1146 3678 cuins
1166 3621 1263 3679 memi-

167 3708 210 3766 nit
230 3705 395 3768 Wilhelmue
416 3705 520 3783 Tyrias
543 3705 609 3766 belli
631 3705 702 3766 sacri
727 3707 749 3768 2
781 3705 821 3770 13
849 3711 879 3765 et
911 3704 956 3770 14.
982 3707 1019 3766 de
1052 3705 1153 3784 quibus
1177 3705 1262 3787 paulo

163 3797 232 3874 post
246 3790 328 3873 plura
338 3791 476 3852 Codinus,

235 3909 299 3962 thid.
334 3907 472 3961 Persarum
491 3905 622 3975 antiquam
640 3923 720 3977 genua
740 3921 756 3960 a
773 3903 917 3977 Theophilo
934 3903 1089 3972 imperatore
1107 3904 1175 3958 circa
1193 3905 1259 3958 Bar-

168 3976 263 4031 darium
281 3976 447 4030 Macedoniae
464 3974 585 4043 fluvium,
602 3972 687 4042 Ἀξιόν
703 3977 772 4045 prius
789 3975 899 4039 dictum,
924 3993 956 4028 ex
973 3975 1090 4039 Zonara,
1111 3973 1261 4028 translatum

168 4045 281 4100 afluvio
299 4063 387 4098 nomen
407 4045 514 4116 accepit.
551 4053 642 4098 auctor
664 4046 742 4101 infra.
777 4045 830 4098 Leo
851 4045 1040 4098 Grammaticus
1057 4043 1083 4094 in
1100 4043 1260 4111 Theophilus

167 4112 256 4185 τούτῳ
277 4110 452 4183 προσέφυγεν
477 4109 622 4184 Θεόφοβος
639 4111 748 4183 Πέρσης
764 4109 822 4182 ῶμα
838 4113 881 4184 τῶ
896 4111 982 4180 πατρὶ
998 4106 1086 4164 αῶτοῶ
1100 4104 1168 4178 μενῶ
1186 4111 1258 4180 Περ-

167 4183 222 4235 σῶν
237 4179 370 4251 χιλιάδων
385 4181 644 4251 τεσσαρεσκαίδεκα,
663 4179 712 4245 οὓς
728 4177 860 4252 διένειμεν
878 4169 959 4243 οὗτος
976 4175 1080 4240 ἐντοῖς
1095 4174 1259 4262 aepactae-

166 4248 342 4318 τασκηνήσας
358 4251 408 4306 καλ
424 4249 463 4313 εἰς
479 4249 601 4324 τσῶρμας
616 4247 863 4322 ἀποκαταστήσας,
893 4248 921 4308 οἳ
937 4245 1017 4321 μέχρι
1032 4249 1084 4302 τοῦ
1097 4247 1148 4303 νῦν
1164 4250 1257 4318 λεγον-

165 4337 213 4375 ται
227 4322 344 4394 τοῦρμαι
355 4321 477 4396 Περσῶν.
