2782 4686
122 301 146 374 4
441 299 590 370 oon1u1
615 274 915 372 coronaturus

124 479 277 559 οἷκονομεῖ
293 479 338 562 τῷ
357 474 491 562 ἀρχιερεῖ
502 479 552 541 καὶ
568 483 605 563 τῇ
621 477 772 568 ἐκκλησίᾳ.
876 471 1002 560 ὑμένας
1017 469 1226 561 σακελλάριος,

126 585 245 668 κρατῶν
262 578 301 644 τά
318 579 441 665 ἀνάρῷα
456 581 506 644 καὶ
522 591 674 664 γυναικεῖα
688 575 896 668 μοναστήρια,
922 577 998 663 istoru
1013 573 1166 664 ὑπουργὸν
1185 581 1228 654 εἰς

125 690 215 748 τοῦτο
240 683 294 746 τὸν
319 679 452 768 ἀρχοντα
475 689 535 747 τῶν
556 683 776 771 μοναστηρλιιιν.
879 679 1007 766 ὑμένας
1024 675 1226 766 σκευοφὺλαξ,

127 791 248 873 κρατῶν
271 782 310 849 τὰ
333 780 423 867 orario
444 791 500 867 τῆς
519 787 687 869 ἐκκλησίας.
790 781 1035 871 ὑχαρτοῳὺλιιξ,
1055 789 1175 869 κρατῶν
1187 784 1226 849 td

90 899 115 954 D
131 887 363 972 ἓκκλησιαστικιλ
380 895 508 976 χαρτῷα
528 887 718 973 δικαιώματα
727 937 737 968 ,
763 889 869 972 κριτὴς
885 895 945 952 τῶν
959 885 1038 952 ὅλων
1051 883 1254 952 ὑποθέσεωνὸ

130 1000 191 1058 τῶν
212 994 484 1073 ἓκκλησιαστικῶν,
509 990 665 1074 digerendo
687 993 818 1077 γαμικάς
840 987 1017 1068 ὑποθέσεις,
1043 988 1185 1056 ἀλλὰκαὶ
1199 992 1232 1054 ἐν

130 1105 197 1171 ταῖς
209 1099 328 1170 λοιπαῖς
341 1097 401 1159 τῶν
413 1100 563 1180 κληρικῶν
580 1092 761 1162 ὑποθέσεσιν
774 1093 890 1172 ἔκδικος
903 1091 945 1172 ὡς
959 1092 1044 1170 δεξιά
1057 1099 1112 1157 τοὺ
1127 1091 1232 1178 ἀρχιε-

131 1200 207 1286 ρέως
228 1199 304 1283 χείρ.
407 1193 424 1261 ὑ
450 1200 628 1277 σακελλίου,
654 1205 773 1284 κρατῶν
797 1198 853 1274 τάς
878 1197 1048 1273 καθολικάς
1072 1197 1233 1272 ἐκκλησίας

131 1299 239 1366 καὶτὸ
262 1299 392 1366 σακέλιν.
496 1298 513 1366 ὃ
533 1304 735 1388 πρωτὲκὸικος
753 1304 796 1377 εἷς
811 1301 845 1365 τὸ
862 1296 1143 1382 ἀντιλαμβάνεσθαι
1160 1298 1233 1375 τοὺς

133 1402 362 1487 αἰχμαλώτους,
391 1405 441 1467 καλ
459 1406 563 1492 κριτὴς
577 1413 637 1470 τῶν
655 1405 880 1490 ἓγκληματικολν
893 1401 1080 1469 ὑποθέσεων.
1242 1410 1278 1464 10

239 1529 332 1604 Οὑτοι
356 1536 508 1626 κάθηνται
530 1543 562 1608 ἓν
581 1547 621 1629 τῇ
642 1543 714 1634 θιΙρι
743 1542 794 1606 κοιλ
826 1541 892 1632 ἱερᾷ
922 1536 1040 1628 συνόδῳ
1070 1535 1147 1622 μετά
1163 1541 1235 1604 ⁴tori

133 1641 306 1728 ἀρχιερέως.

234 1810 282 1878 Ἡ
299 1812 426 1900 δευτέρα
445 1811 564 1890 πεντάς.
600 1810 616 1878 ὑ
639 1809 881 1900 πρωτονοτάριος
902 1808 988 1900 θύρα
1005 1817 1066 1876 τῶν
1082 1811 1236 1888 ἓξωκατα-

61 1931 118 1986 1²³
135 1916 243 1980 κοίλων
249 1964 260 1995 ,
290 1919 341 1980 καὶ
362 1921 404 1993 εἰς
424 1915 463 1981 τά
483 1915 634 1982 πιστάκια.
713 1915 752 1982 ·ὑ
780 1917 945 2002 λογοθέτης
968 1919 1010 1992 εἰς
1031 1914 1066 1980 τὸ
1089 1920 1236 1998 λογογρα-

135 2029 219 2105 φεῖν,
240 2022 290 2083 καὶ
311 2021 352 2096 εἰς
370 2019 427 2096 τὰς
444 2018 634 2102 δημοσιαιιάς
648 2022 699 2085 καὶ
716 2020 897 2108 ἀρχοντικάς
912 2015 1074 2094 ὑποθέσεις
1087 2022 1234 2101 λογογρα-
1245 2027 1278 2082 16

136 2131 213 2208 ptis.
316 2119 332 2184 ὑ
365 2125 556 2208 κανστρίσιος
585 2126 627 2199 εἰς
646 2124 681 2188 τὸ
706 2126 867 2210 κανστρίον
887 2125 937 2186 καὶ
956 2125 999 2198 εἷς
1020 2120 1055 2186 td
1076 2116 1237 2184 ἀλλάσσειν

135 2225 188 2288 τὸν
215 2222 366 2312 ἀρχιερέα.
468 2223 485 2290 ὑ
509 2223 740 2314 ῥεφερενδάριος
759 2232 802 2304 εἰς
819 2227 854 2290 τὸ
872 2225 1113 2289 ἀποστέλλεσθαι
1129 2225 1170 2300 εἷς
1184 2220 1237 2287 τὸν

134 2327 264 2408 βασιλέα
281 2329 332 2389 καὶ
348 2329 390 2402 εἰς
403 2318 498 2436 μέγαν
513 2327 657 2413 ἄρχοντα.
758 2326 775 2394 ὃ
796 2323 1125 2416 ὑπομνηματογράφιιιν
1141 2327 1185 2402 εἰς
1201 2323 1236 2390 τὸ

134 2426 264 2516 γράφειν
279 2427 319 2493 τά
333 2423 548 2514 ὑπομνήματα.

206 2625 241 2678 16
256 2623 431 2694 καστρλνσιος
446 2626 487 2698 L,
503 2622 702 2697 καναπρῇνσιος
716 2626 762 2681 alii

136 2811 213 2864 quam
229 2795 358 2850 eeclesiae
374 2795 424 2850 hac
441 2796 469 2852 in
485 2815 516 2852 re
532 2799 698 2870 dispensator
713 2805 764 2855 est.
868 2816 976 2872 magnus
991 2797 1144 2854 sacellarius
1160 2797 1241 2850 habet

136 2881 186 2918 suo
206 2864 235 2916 in
259 2873 391 2933 potestate
414 2866 530 2920 virorum
552 2878 580 2921 et
603 2869 738 2922 mulierum
754 2870 928 2940 monasteria,
954 2872 1033 2926 etad
1052 2870 1102 2924 hoc
1121 2867 1240 2920 ministro

135 2949 184 2986 seu
209 2933 329 2986 adiutore
354 2935 436 2988 utitur
454 2937 588 3005 praefecto
607 2940 831 2992 monasteriorum.
936 2957 1045 3008 magnus
1063 2935 1241 3008 sceuophylax

137 3019 186 3054 seu
212 3019 336 3056 vasorum
362 3013 449 3058 custos
474 3021 521 3058 sua
541 3006 571 3058 in
587 3015 720 3075 potestate
736 3009 816 3061 habet
833 3007 961 3062 ecclesiae
978 3024 1042 3061 vasa
1060 3025 1108 3060 seu
1125 3005 1242 3074 supelle-

138 3069 235 3124 ctilem.
339 3071 530 3144 chartophylax
547 3075 650 3128 tabulas
667 3077 748 3130 habet
765 3078 916 3131 chartaceos
934 3079 967 3132 ad
985 3078 1045 3132 iura
1063 3074 1241 3129 ecclesiastica

138 3140 302 3210 pertinentes
331 3143 402 3210 (hoo
425 3153 481 3211 est,
506 3143 598 3198 literas
621 3145 718 3214 quibus
743 3146 883 3216 privilegia
908 3153 936 3200 et
958 3146 1009 3200 elia
1031 3147 1089 3199 iure
1112 3143 1241 3198 ecclesiae

137 3211 323 3277 continentur)
342 3219 370 3264 et
387 3221 429 3265 est
445 3214 524 3266 iudex
540 3215 652 3268 omnium
669 3231 804 3268 causarum
821 3216 1070 3284 ecclesiasticarum,
1088 3222 1116 3268 et
1132 3219 1259 3267 contro-¹

137 3279 235 3331 versiis
259 3280 490 3336 matrimonialibus
516 3285 707 3352 cognoscendis
723 3286 756 3338 ad
773 3285 925 3339 dirimendis
966 3285 1090 3339 ressidet.
1126 3283 1191 3366 quin
1215 3286 1242 3333 et

137 3347 167 3400 in
191 3348 286 3402 ceteris
312 3349 463 3404 clericorum
488 3351 578 3406 litibus
602 3355 682 3406 iudex
707 3363 762 3423 est,
793 3361 917 3422 tanquam
941 3305 1051 3408 dextera
1075 3351 1243 3422 patriarchae

138 3434 239 3470 manus.
343 3422 493 3489 praefectus
517 3421 607 3476 sacelli
629 3441 677 3476 sua
698 3424 726 3477 in
750 3431 882 3494 potestate
899 3425 979 3478 hubet
996 3421 1139 3476 catholicas
1156 3419 1242 3473 eoele-

137 3486 190 3538 aies
209 3493 236 3538 et
252 3485 386 3541 sacellum.
489 3492 634 3560 protecdici
656 3509 747 3546 munus
771 3494 805 3546 ad
826 3509 913 3546 curam
934 3493 1099 3562 captivorum
1121 3489 1242 3542 extendi-

138 3562 200 3677 ἶριςε
223 3563 250 3609 et
274 3564 314 3610 est
337 3555 414 3613 simul
436 3558 515 3614 iudex
533 3561 645 3616 omnium
662 3562 897 3632 querimoniarum,
922 3579 990 3632 quae
1007 3561 1143 3618 adfurum
1165 3557 1242 3612 dete·

172 3640 188 3676 n
201 3640 241 3676 ur.

207 3711 258 3766 Isti
275 3711 371 3766 sedent
385 3712 414 3766 in
431 3732 506 3769 sacra
523 3717 649 3772 ooneione
666 3734 724 3770 oum
742 3714 903 3786 patriarcha.

207 3831 343 3886 Secundus
367 3832 514 3901 quinarius.
543 3837 739 3905 protonotarius
762 3834 857 3889 ostium
880 3838 922 3888 est
945 3839 973 3888 et
989 3834 1075 3890 aditus
1094 3835 1127 3888 ad
1145 3851 1243 3890 exoca-

138 3900 270 3969 teooelos,
289 3911 447 3971 praeostque
462 3905 579 3974 pittaciis
594 3907 775 3960 conficiendis.
879 3903 1014 3972 logotheta
1030 3912 1137 3974 praeest
1153 3907 1244 3958 discu-

137 3969 235 4024 tiendis
254 3977 283 4023 et
298 3971 493 4027 conscribendis
506 3975 668 4044 rationibus,
689 3983 742 4029 tam
759 3991 824 4045 quas
842 3975 956 4027 reddunt
971 3973 1017 4043 qui
1031 3993 1064 4028 ex
1078 3974 1155 4044 plebe
1166 3991 1244 4043 quam

49 4063 55 4072 ·
137 4038 185 4106 qui
211 4056 244 4091 ex
269 4041 361 4094 ordine
378 4042 555 4096 ecclesiastico
572 4045 723 4114 principali.
752 4073 757 4080 ·
828 4043 981 4098 oanstrisius
1000 4043 1115 4098 canistro
1135 4044 1245 4116 praeie-

137 4115 195 4160 stus
212 4115 261 4175 est,
280 4117 307 4162 et
325 4111 498 4180 patriarchas,
516 4113 576 4166 dum
592 4115 711 4168 vestibus
728 4113 811 4168 aseris
827 4114 953 4182 induitur,
971 4113 1065 4170 servit.
1170 4113 1245 4166 refe-

135 4175 254 4230 rendarii
275 4196 365 4234 munus
391 4188 432 4236 eat
457 4188 486 4233 ut
509 4181 628 4238 mittatur
653 4184 686 4236 ad
709 4184 893 4252 imperatorem
918 4189 946 4236 et
967 4184 1001 4234 ad
1023 4199 1144 4265 magnum
1166 4181 1246 4251 prin-

135 4261 247 4370 pppfiprps
264 4249 616 4372 mssm‘mwfi'
630 4260 687 4324 est,
704 4252 852 4309 scribendis
866 4251 1059 4307 commentariis
1072 4253 1131 4307 sive
1145 4267 1245 4307 memo-
