2798 4690
508 291 556 362 IN
581 289 729 360 coaluit
754 290 839 358 CdP.
863 291 908 364 V.
1179 287 1254 364 tob

158 455 305 526 Βρετανύν
319 454 452 525 legendnm
470 456 629 520 marceret
668 451 719 508 iam
742 453 801 506 sub·
812 451 940 508 Michaele
955 449 1120 522 Paphlagone
1136 455 1256 508 Graeco..

158 546 213 582 rum
231 529 422 596 iignasecutos
442 523 582 593 colligimus
600 540 632 576 ex
649 521 766 575 Cedreno
780 521 807 574 in
827 523 881 574 eius
907 521 974 587 τύλος
996 538 1060 592 quos
1082 527 1167 575 tamen
1190 539 1257 576 uon·
1307 537 1311 546 ⁴

160 599 218 650 dum
235 596 261 649 in
278 596 414 650 satellitum
431 609 560 647 nnmerum
578 591 702 659 allectos,
725 591 770 644 sed
793 590 846 645 solo
869 590 1061 658 singulariorum
1080 591 1184 646 militum
1202 591 1259 652 cin.⁴

160 667 219 733 gulo
237 664 342 717 donatos
358 664 465 732 legimus
482 659 522 724 τίς
538 660 760 733 παραχειμασίαν
777 656 807 714 ἐν
822 659 865 727 spi
888 660 989 727 bipart
1011 659 1066 712 coia
1091 660 1257 734 Θργκησίων

161 730 386 802 διεσπαρμένους.
421 726 586 785 ἀκόλουθον
610 745 695 782 eorum
723 731 811 782 ducem
827 728 1026 782 memoratidem
1043 729 1068 780 in
1086 729 1257 784 Constantino

161 803 344 867 Monomacbo,
360 800 405 854 ubi
421 816 438 864 a
454 801 561 852 Francis
580 815 625 852 eos
639 817 746 858 vnumero
762 797 908 866 distinguit,
932 795 992 850 licet
1009 797 1123 863 utrisque
1138 796 1256 854 ύκόλου-

161 873 218 926 ύόν
242 872 348 924 eundem
374 869 522 938 praeficiat:
546 864 562 922 ό
589 862 715 938 βασιλεύς
738 861 790 920 τόν
814 861 976 920 ἀκόλουθον
991 865 1105 952 Μιχαὴλ
1121 886 1257 937 μεταπεμ-

161 937 286 1010 ψάμενος
302 933 466 1058 ίςῖβηρίαν
482 930 628 1010 ἐκπέμπει,
646 929 678 1000 ts
695 929 755 998 ἐκεῖ
768 933 913 1004 γενόμενος
935 931 983 989 καί
1003 953 1070 998 τους
1092 935 1257 1006 διεσπαρμέ-

162 1003 277 1070 νουςέν
293 1008 328 1061 τί
367 1005 449 1079 αλδίρι
465 1002 513 1060 κοιλ
528 1001 637 1076 Ἰβηρίην
656 1000 860 1074 Φρύγγουςκαλ
877 1001 1039 1073 Βαρύγγους
1061 1001 1161 1078 ύγύγη.
1198 1007 1257 1062 exin

164 1078 259 1131 Franci
284 1029 331 1129 sub
355 1075 444 1129 eodem
470 1074 564 1127 vexillo
591 1089 646 1128 cum
672 1071 799 1140 Barangis
815 1073 950 1127 militantes
967 1090 997 1126 ac
1015 1074 1109 1128 eisdem
1126 1075 1200 1128 armis
1218 1078 1260 1128 in·

164 1147 255 1201 structi
271 1146 340 1198 inter
357 1145 407 1198 Bar
457 1160 485 1196 os
501 1142 620 1196 recensiti
637 1159 717 1214 penes
734 1141 850 1195 Nicetsm
868 1144 894 1194 in
910 1143 998 1195 Alexio
1013 1145 1043 1196 λε
1060 1141 1108 1196 καλ
1120 1140 1260 1212 γνωσθὲν·

164 1233 210 1276 τες
229 1210 308 1281 παρύ
330 1231 406 1274 τινος
445 1215 517 1266 κεῖσε
542 1206 733 1280 φυλάσσοντος
756 1205 868 1281 (γόνους
893 1201 975 1278 odron
997 1211 1050 1267 coti
1066 1210 1259 1284 πελτκνφόρου
1292 1225 1297 1238 ’

164 1283 311 1354 Κελτικοῦ)
322 1278 570 1354 συλλαμβάνονται.

246 1398 283 1456 ib.
297 1414 323 1455 v.
338 1395 366 1459 fr.
388 1397 470 1456 cellae
483 1413 567 1474 porro
576 1413 678 1454 nomeu
691 1394 762 1453 adeo
773 1393 977 1453 recentioribus
988 1394 1103 1456 Graecis
1119 1397 1211 1456 arrisit
1227 1403 1260 1456 ut

164 1483 193 1539 id
217 1481 357 1540 etiamad
377 1481 554 1562 imperatoris
575 1481 705 1540 conclave
724 1480 915 1560 traduxerint,
935 1487 969 1541 ut
988 1482 1082 1542 videre
1104 1489 1148 1542 est
1164 1483 1209 1543 hic
1230 1490 1260 1549 et

165 1566 230 1626 alibi
246 1567 358 1646 saepius
372 1569 450 1646 apud
465 1567 615 1624 couinum.

232 1689 295 1742 ibid.
320 1687 441 1742 excubias
464 1691 569 1756 agentes
590 1685 705 1754 Barangi
729 1685 762 1738 ad
779 1685 846 1739 sacri
863 1686 971 1740 cubiculi
989 1689 1058 1742 fores
1075 1689 1190 1758 vigilant.
1216 1707 1261 1746 eos

165 1757 224 1812 inde
249 1757 344 1828 repulit
364 1757 540 1821 Andronicus,
564 1759 593 1807 ut
616 1755 724 1809 molosso
751 1756 791 1808 cui
816 1757 960 1808 confidebat
979 1759 1092 1826 corporis
1110 1761 1263 1831 praesidium

166 1827 338 1898 permitteret:
363 1823 393 1878 oi
412 1822 463 1912 pio
485 1819 537 1892 γὰρ
563 1821 807 1893 σωματοφύλακας,
832 1825 868 1876 nit
885 1825 992 1878 Nicetes
1009 1825 1036 1877 in
1055 1827 1109 1880 eius
1126 1828 1217 1884 vital.
1235 1833 1263 1896 2,

165 1894 212 1952 καὶ
231 1889 389 1962 δορυφόροι
406 1889 519 1948 anubin
536 1909 592 1945 που
609 1893 660 1945 τοῦ
685 1893 827 1963 βασιλικοῦ
849 1894 982 1954 κοιτῶνος
1002 1891 1103 1958 νυκτός
1123 1915 1175 1948 κατ
1196 1894 1265 1950 unni-

169 1965 267 2031 ζοντα,
290 1958 306 2015 ὁ
333 1958 370 2016 δύ
387 1981 417 2030 γε
434 1958 508 2016 κύων
526 1957 596 2028 πρός
612 1966 674 2021 ταῖς
690 1958 794 2025 θύραις
809 1957 930 2016 ἐδέδετο.
966 1965 1078 2016 excubiis
1093 1965 1193 2018 liberati
1211 1975 1266 2020 sta-

166 2033 260 2084 tionem
276 2032 333 2084 loeo
350 2031 419 2084 dicto
436 2031 567 2084 Excubiis
584 2031 731 2099 deputatam
750 2031 893 2096 habebant,
920 2031 958 2084 ait
982 2033 1098 2086 Zonaras
1122 2034 1147 2086 in
1170 2035 1266 2088 loanue

166 2103 312 2153 Comnenor
337 2096 367 2154 ol
381 2096 521 2168 Βύραγγοι
536 2095 589 2168 τὴν
605 2094 635 2151 ἐν
652 2104 712 2160 τοῖς
726 2092 907 2169 Ἐξκουβίτου
925 2098 1097 2168 διειληφότες
1114 2096 1200 2171 όὸόν,
1219 2100 1265 2156 ἔν-

167 2173 263 2238 θαπερ
285 2163 395 2230 τούτοις
415 2167 464 2223 καλ
486 2165 508 2238 ἡ
533 2169 698 2236 κατοίκησις.
733 2167 799 2220 unde
821 2169 929 2238 antiquis
954 2173 1142 2224 excubitoribus
1165 2173 1266 2228 vocatis

168 2241 303 2306 berenger
319 2239 473 2292 successisse
489 2255 539 2290 non
556 2238 723 2290 diffitendum.
756 2238 844 2290 claves
862 2239 958 2290 urbiam
977 2238 1010 2291 ad
1033 2235 1097 2309 ‘rpuas
1120 2239 1267 2296 divertebat

167 2309 323 2378 imperator,
342 2308 471 2360 custodiae
489 2305 551 2361 sude
567 2306 730 2359 demandatus
746 2305 878 2362 tenebant.
911 2307 1106 2362 Cantecuzenus
1123 2311 1140 2362 2
1159 2311 1205 2366 13:
1229 2304 1268 2364 τοὶ

168 2380 287 2442 κλεύδρα
303 2377 354 2444 τῆς
365 2370 470 2438 πόλεως
485 2367 551 2436 τούς
567 2371 618 2436 τός
633 2369 747 2436 selinon
759 2370 872 2445 ἔχοντας
883 2372 1045 2500 Βαραὲγγους
1058 2371 1185 2440 κελεύσας
1196 2374 1267 2448 σίγα-

168 2449 229 2514 γεῖν
251 2440 379 2510 (τούτους
400 2440 453 2514 γύρ
479 2440 548 2506 ἕδος
568 2440 605 2498 τὰ
621 2446 741 2513 κλεῖθρα
757 2446 813 2497 τῶν
830 2441 937 2501 πόλεων
969 2449 1029 2499 aba
1046 2437 1083 2499 bv
1100 2441 1246 2517 ύποδημοί

171 2509 298 2585 βασιλεύς
311 2508 448 2583 κατέχειν)
462 2509 564 2582 :respo
579 2507 702 2566 ἐκέλευσε
718 2511 921 2581 παραδιδόναι.
956 2531 1002 2568 cur
1018 2513 1081 2570 iero
1098 2518 1211 2588 Bartngi
1227 2518 1269 2572 di·
1369 2547 1371 2558 ι

170 2593 289 2636 serentur
307 2583 385 2652 Angli
401 2583 581 2650 exemitores,
600 2581 706 2634 diximus
723 2582 754 2635 ad
771 2582 952 2656 Curopalatmu
969 2585 1036 2638 notis
1053 2602 1079 2655 p.
1097 2587 1157 2641 808.

255 2727 283 2789 p.
295 2709 336 2768 37
349 2723 375 2764 v.
386 2711 415 2771 7.
442 2704 598 2764 stationarii
623 2703 736 2781 milites]
759 2706 947 2782 monuncourt,
975 2701 1057 2784 nupsi
1079 2703 1112 2769 τό
1132 2707 1267 2790 παραμί-

172 2813 250 2866 νειν,
274 2791 354 2866 quasi
366 2789 553 2849 mansionarii.
572 2795 686 2848 vertunt
699 2796 794 2848 tamen
811 2790 887 2849 docti
902 2793 1096 2869 stationarios,
1118 2795 1183 2869 quia
1199 2796 1269 2854 haec

172 2897 226 2934 vox
240 2878 332 2954 aptius
347 2877 475 2954 exprimit
494 2877 524 2932 id
546 2876 624 2950 quod
646 2875 746 2936 milites
767 2875 805 2933 illi
826 2883 923 2954 erant,
946 2897 1029 2952 quam
1050 2879 1134 2937 dictio
1156 2885 1270 2938 mansio-

171 2964 272 3021 narius.
295 2963 330 3018 de
343 2963 466 3020 excubiis
481 2959 577 3038 palatii
592 2965 621 3017 et
637 2961 714 3017 urbis
737 2961 834 3018 itidem
853 2963 1019 3040 Cpolitanae
1038 2964 1160 3043 lepidam
1180 2965 1271 3024 histo-

123 3073 126 3080 ·
172 3048 242 3105 riam
252 3046 376 3104 invenies
387 3049 463 3125 apud
475 3045 682 3125 Luitprandum
698 3045 875 3106 Ticinensem
888 3047 906 3106 1.
920 3052 934 3110 1
953 3066 1046 3106 rerum
1059 3068 1109 3128 per
1127 3048 1272 3130 Europam

173 3137 335 3210 gestarum,
353 3137 406 3195 cb
421 3151 449 3190 rt
462 3129 489 3194 4.

243 3253 306 3306 ibid.
335 3253 397 3306 festi
421 3251 595 3322 pervigilium,
618 3251 687 3323 quod
710 3252 881 3307 celebritatem
903 3247 1051 3324 παραμένῃ
1080 3263 1205 3325 manent,
1229 3274 1273 3312 re-

177 3320 331 3374 centioribus
349 3329 389 3374 est
404 3318 563 3390 παραμονή.
596 3320 719 3376 satellites
737 3339 837 3394 quoque
860 3322 999 3392 principem
1022 3321 1116 3392 ubique
1139 3335 1273 3380 manontes

177 3397 204 3444 et
228 3397 421 3461 exspectantes,
446 3387 666 3458 παραμένοντες,
690 3397 717 3443 et
740 3408 798 3445 eum
820 3391 909 3446 adesse
932 3398 1077 3458 macutes,
1101 3397 1273 3465 παραμονολν
1341 3417 1342 3422 ’

177 3461 372 3534 appellationem
387 3467 541 3514 mernerunt.

244 3573 280 3625 ib.
296 3589 322 3624 r.
338 3573 365 3626 9.
383 3565 482 3640 ἄλογα]
498 3569 567 3640 quod
580 3570 735 3623 irrobonnie
749 3569 915 3638 quodcunque
931 3569 1108 3640 significabat,
1131 3589 1198 3627 nunc
1215 3575 1274 3644 epui
1329 3635 1331 3643 Α

177 3639 310 3710 speciatim
328 3648 368 3693 est
382 3641 502 3693 indicium
519 3634 639 3708 σ’ίλογσν,
659 3646 688 3691 ut
712 3640 778 3691 inter
795 3638 951 3692 irrationalia
968 3642 1193 3698 communissimus.
1230 3642 1275 3696 ubi

178 3716 267 3764 auctor
284 3709 372 3763 ἵππον
390 3716 505 3764 correcte
521 3709 624 3779 scribit,
647 3707 763 3772 lectionis
784 3707 921 3763 divermtas
945 3711 1094 3780 frequenter
1111 3707 1216 3782 ἄλογον
1232 3729 1275 3766 re·

177 3779 264 3850 posuit
275 3779 302 3832 in
318 3779 497 3851 superioribus.

247 3884 463 3959 ibidrpipoorsc
478 3883 529 3951 τὰς
544 3885 672 3958 σπάθας]
691 3889 825 3956 Gregoras
842 3889 862 3944 l.
878 3891 910 3944 8:
933 3891 990 3944 saio
1015 3885 1047 3944 tt
1072 3887 1135 3958 scapi
1163 3883 1275 3962 βασιλέα

178 3959 376 4028 πελεκοφόρων
392 3957 442 4012 καὶ
452 3959 624 4025 στρατιωτῶν
635 3955 682 4012 καλ
694 3953 858 4027 ξιφηφόρων
870 3956 1099 4028 καταδαρθάνειν
1110 3957 1274 4026 μελλόντων.

181 4030 345 4096 στρατιῶται
373 4029 415 4081 bic
428 4028 607 4096 παραμοναί.
642 4033 715 4081 Anna
738 4027 869 4082 Ocmnena
892 4030 910 4084 l.
928 4031 945 4083 9
962 4029 996 4083 ad
1014 4036 1150 4082 extremam
1169 4029 1276 4080 calcemr

180 4093 343 4166 συναγωγῶν
359 4092 425 4158 τούς
441 4091 489 4151 ἐπὶ
509 4099 564 4150 σύν
582 4092 662 4164 (ipsso
678 4090 713 4150 nri
739 4096 806 4166 ξίφη
828 4097 1041 4163 κραδαίνοντας.
1076 4095 1198 4150 satellites
1219 4095 1277 4148 illos

180 4167 304 4236 bicapulis
321 4167 441 4232 ensibus,
458 4166 551 4236 ineptis
569 4167 615 4236 qui
631 4167 663 4219 ad
678 4167 745 4219 latus
762 4167 952 4237 appendantur,
974 4166 1117 4234 exindeque
1132 4165 1164 4216 ad
1180 4182 1278 4218 manum

182 4241 210 4287 et
226 4253 304 4304 supra
321 4237 441 4290 humeros
454 4235 590 4305 gerendis,
615 4243 725 4288 armatos
742 4237 894 4310 putaverit.
929 4237 972 4300 id,
997 4236 1024 4286 ni
1041 4252 1081 4287 me
1098 4233 1165 4287 talus
1181 4249 1278 4298 seusus,

182 4313 293 4374 arguunt
310 4313 413 4361 veteres
428 4305 568 4361 satellitum
586 4305 701 4376 picturae
718 4313 745 4359 et
761 4306 927 4361 anctmitates
943 4305 1042 4360 iamiam
1058 4303 1150 4358 lectae.
1195 4301 1199 4310 ‘
