2782 4686
434 236 641 310 GRETSERI
675 237 944 308 PROOEMIUM·
1186 255 1224 304 rx

129 447 225 502 nactos
245 437 342 499 Iunios
364 456 382 499 a
402 437 574 516 Marqnardo
592 437 715 498 Frelrero
733 432 886 516 integriore
904 433 1086 516 exernplarla,
1108 437 1224 498 adiectis

127 543 211 623 priori
235 541 352 601 editioni
373 540 482 617 aliquot
508 539 642 620 pagellis,
673 539 774 618 qnibns
794 539 908 599 bonnas
931 538 1079 602 nonnullos
1092 539 1224 620 explevit,

126 662 228 705 nomen
248 661 330 701 snnrn
351 643 494 720 professus
514 649 568 722 est,
588 643 787 719 codirumque
802 640 926 702 Frehero
938 639 1098 720 inscripsit,
1129 641 1171 703 ita
1190 647 1225 702 nt
1321 715 1324 722 Ι

125 744 299 825 Curopclata
318 733 372 802 iam
398 743 488 802 tribus
507 743 634 821 patronis
657 744 779 824 stipatus
799 743 829 802 in
848 741 989 822 publicum
1008 743 1123 804 venerit
1166 761 1225 804 me-

124 849 178 907 rito
194 852 290 908 tnnren
306 825 461 924 cnlpandns
481 850 526 903 est
543 845 657 924 Iunius,
689 847 767 924 qnod
786 863 887 904 novam
907 844 1057 908 editionem
1070 863 1128 904 non
1141 846 1226 906 ador-

124 948 199 1008 narit
215 954 246 1008 et
265 968 284 1007 a
305 967 337 1006 se
357 945 441 1025 pleno
458 965 539 1006 socco
558 965 673 1034 sparsos
688 965 796 1007 errores
815 963 874 1004 non
888 947 1038 1006 correxerit
1050 947 1163 1008 adiutos
1178 967 1226 1008 oo-

125 1051 232 1111 dicibus
253 1047 438 1107 biliothecae
451 1045 595 1108 Palatinae
613 1053 644 1108 et
666 1046 819 1128 Rophailis
840 1033 938 1108 Scileri
956 1047 1122 1128 exemplari,
1147 1031 1226 1127 qnod

124 1158 186 1214 erat
198 1151 393 1232 apographum
407 1152 505 1231 optimi
518 1149 620 1210 codicis
633 1147 808 1228 Augustani:
828 1140 894 1212 neno
908 1151 1049 1210 Codinnm
1060 1149 1126 1210 olim
1139 1151 1226 1210 inisse

123 1253 154 1312 in
178 1251 347 1320 bibliotheca
363 1252 486 1332 inclytae
505 1253 546 1314 rei
565 1251 692 1332 publicae
711 1249 896 1332 Angustanoe
926 1253 1007 1313 testie
1037 1257 1082 1312 est
1106 1251 1226 1314 Wolfins
1300 1313 1304 1320 ,

123 1358 297 1434 praelatione
315 1356 353 1416 nd
377 1352 507 1414 Nicetnrn
527 1360 558 1414 et
574 1355 636 1440 ipsc
649 1354 790 1435 Seilenrs,
814 1356 863 1432 qui
875 1354 942 1414 inde
955 1353 1063 1416 Graece
1076 1355 1224 1434 descripsit

122 1465 154 1518 et
167 1458 270 1520 Latine
286 1457 390 1535 vertit,
414 1457 527 1516 tametd
546 1457 701 1518 vononem
719 1473 800 1518 snam
819 1457 850 1517 in
869 1457 971 1537 vulgos
991 1457 1067 1518 exire
1078 1475 1224 1534 nnnqnnnr

112 1605 114 1610 ,
120 1561 255 1641 permisit
298 1561 360 1621 dico
369 1546 441 1618 'olim
454 1559 555 1618 fuisse:
575 1559 631 1618 iarn
644 1561 719 1622 eninr
740 1579 799 1622 non
810 1566 876 1640 est,
902 1562 955 1622 sed
972 1560 1089 1620 omissos
1103 1565 1163 1638 est,
1189 1563 1225 1618 nt

120 1667 189 1722 ente
207 1661 317 1738 aliquot
342 1677 432 1718 annos
463 1679 498 1719 ex
514 1661 684 1738 amplissimo
708 1663 822 1722 domino
845 1661 944 1724 Marco
964 1663 1092 1726 Welsuo
1106 1660 1136 1722 11
1164 1660 1225 1719 viro

119 1758 295 1855 Apgnstano
317 1761 455 1822 intellexi:
486 1762 610 1822 nescitur
629 1764 707 1824 cuins
726 1763 899 1844 negligentia
924 1763 971 1826 vel
988 1763 1089 1824 froude
1103 1762 1226 1843 perierit.

117 1867 167 1921 tot
192 1881 263 1940 ergo
287 1862 418 1922 subsidiis
435 1863 587 1924 instructus
614 1865 727 1946 Iunios,
751 1868 916 1947 praesertin
934 1853 1117 1928 monnone
1137 1861 1227 1922 Seile·

115 1963 219 2040 riano,
240 1961 362 2024 debebat
377 1964 519 2027 Codinnnr
533 1986 552 2024 a
570 1966 664 2040 capite
686 1969 725 2024 nd
744 1969 848 2025 calcem
865 1980 1082 2042 recognoscere,
1106 1962 1228 2042 plurimo

116 2069 150 2122 et
170 2065 338 2140 gravissima
367 2068 472 2126 menda
499 2065 667 2141 emendare,
709 2063 867 2140 libnnnqne
893 2063 930 2122 ab
952 2063 1092 2123 enoribns
1110 2062 1228 2122 libnorn

116 2163 219 2224 lectori
246 2184 415 2245 proponere.
457 2185 554 2228 venun
578 2164 647 2222 nibil
669 2163 771 2224 bornnr
792 2164 955 2244 praestitit,
988 2164 1043 2224 nisi
1065 2163 1161 2240 qnod,
1194 2167 1228 2222 nt

118 2271 206 2324 antea
229 2266 346 2345 dictim,
368 2267 502 2346 panculas
526 2264 652 2346 pagellas
667 2265 774 2343 primae
792 2284 825 2326 ac
839 2267 1069 2328 mendosissimae
1082 2283 1151 2325 snae
1166 2264 1227 2324 edi-

120 2368 193 2428 tioni
212 2369 317 2446 assde,
341 2375 451 2430 mntcto
471 2367 574 2446 titulo,
601 2367 700 2426 addito
724 2387 799 2448 novo
819 2375 940 2449 petrono
962 2369 1151 2451 oppositoque
1171 2385 1226 2428 sno

121 2469 242 2530 nornine
289 2487 347 2548 quo
365 2472 429 2552 ipso
449 2472 544 2532 fucum
563 2467 713 2530 lectoribus
732 2471 816 2550 fecit,
852 2472 933 2550 qnasi
951 2489 1054 2532 novam
1074 2471 1227 2532 edib'onem
1296 2523 1300 2538 ,

121 2577 282 2651 promeret,
306 2589 382 2634 sono
400 2575 493 2653 1596,
518 2588 582 2633 cnm
601 2590 660 2631 non
675 2572 761 2634 fuerit
780 2593 855 2642 novo
876 2573 929 2636 sed
948 2574 1053 2654 prima,
1077 2573 1126 2634 illa
1145 2570 1228 2634 nimi-
1275 2571 1277 2576 ’

122 2693 186 2735 rom
204 2675 269 2754 ipsa
288 2693 362 2754 qnae
379 2683 455 2738 anno
478 2675 561 2740 1588
582 2674 735 2754 prodierat.
1210 2687 1216 2698 '

208 2773 254 2836 De
283 2796 348 2838 mea
371 2776 496 2838 editione
522 2781 554 2836 et
581 2777 785 2838 commentariis
811 2795 871 2838 non
899 2775 990 2852 liabeo
1016 2775 1096 2855 qnod
1124 2774 1223 2834 dicam.

120 2895 230 2956 aequos
245 2877 363 2940 lectores
375 2877 479 2940 loboris
491 2879 547 2939 mei
558 2879 679 2940 nbitros
694 2899 757 2940 esse
769 2877 843 2939 volo.
883 2897 989 2958 seqws
1001 2880 1133 2957 bonane
1157 2893 1224 2937 nem

119 2979 235 3056 iniquos
249 2999 309 3040 non
325 2999 427 3042 moror.
469 2962 496 3040 si
518 2981 588 3058 qnid
609 2988 754 3044 mntobnn*
771 2982 829 3059 sit,
854 2983 933 3042 coins
955 2983 1027 3043 rotio
1040 2983 1071 3040 in
1084 2997 1224 3041 commen·

122 3081 203 3140 ono
216 3099 276 3142 non
292 3083 439 3163 moon,
454 3084 566 3144 noveno
584 3084 615 3144 n
636 3089 687 3146 aot
702 3103 740 3149 ex,
755 3084 865 3144 duobus
884 3084 978 3146 nosen
990 3091 1021 3144 et
1033 3081 1224 3145 calomano
1345 3065 1351 3078 '

122 3183 265 3245 codicibrn
279 3190 330 3244 ant
343 3203 377 3246 ex
391 3186 539 3265 perspicuo
551 3185 660 3248 ratione
674 3185 807 3269 petitum.
848 3185 910 3248 vale
926 3186 1051 3268 feliciter,
1075 3185 1115 3248 mi
1126 3184 1224 3250 lector.

121 3283 291 3368 lngolstodii
303 3305 380 3351 anno
391 3287 490 3350 salutis
506 3286 597 3354 1620.
