2802 4686
155 285 227 358 146
311 278 525 354 GRETSERI
536 280 591 348 ET
607 278 739 348 Gonni
753 273 1089 345 COMMENTARIUS

151 450 265 536 yaqluu
283 467 334 509 seu
350 441 559 512 ἀπαιδευσίαν.
601 442 788 506 exarniuemus
806 441 931 520 singulas
945 441 1004 500 eius
1019 440 1149 520 ineptius.
1193 443 1258 504 ecio

152 531 367 615 α’ντιμινσίων,
388 535 426 594 ad
437 535 559 606 uerbum,
578 531 808 607 amimalium,
826 529 921 604 inquit
936 533 991 586 etc.
1034 548 1053 587 a
1069 547 1158 586 nnana
1175 529 1257 588 deno·

152 625 252 682 minati
269 626 331 680 runt
351 618 384 684 oi
396 612 592 698 demptionem,
614 619 693 694 quari
712 615 788 674 diem
811 613 1015 687 antemcmatec,
1037 614 1086 692 qui
1099 611 1138 672 ad
1152 631 1257 672 sacram

151 725 267 770 marsum
280 708 397 784 primum
412 704 604 783 recipiebantur
620 708 646 761 et
659 702 856 760 communionem
872 698 1108 758 cucbaristiaeetc.
1148 699 1179 760 tu·
1188 700 1258 758 enim

150 796 230 876 prius
249 809 329 869 quam
344 789 543 849 admitterentur
562 786 600 846 ad
626 788 827 846 concmcocionem
853 803 974 863 saman,
1003 783 1122 844 solebant
1140 785 1258 844 ecclesiis
1281 787 1284 793 '

155 883 219 938 arete
232 893 346 935 mensam
360 878 423 934 cisti
436 869 486 937 beri
500 868 554 936 cdv
567 874 627 933 cciv
645 864 840 952 ἆντιμινσίων
855 865 1000 950 ἄρχοντα,
1016 875 1161 948 posteaque
1171 869 1259 930 amem

152 967 296 1046 praeeunte
315 960 417 1021 adduci
434 959 471 1020 ad
487 960 703 1029 communionem,
735 961 768 1015 ut
783 955 879 1034 putam
897 960 1022 1014 testatum
1037 954 1163 1034 faceret,
1194 953 1259 1014 iilos

156 1067 219 1107 euoe
246 1048 352 1106 amnites
375 1048 406 1105 in
425 1062 508 1105 unum
527 1063 620 1121 cmpue
641 1042 769 1101 coaluisse
790 1059 850 1100 cum
862 1039 975 1114 ‚murco
1000 1045 1026 1099 et
1050 1039 1160 1100 ecclesio
1190 1043 1257 1099 ciue.

157 1134 202 1192 bic
220 1137 309 1191 autem
330 1133 401 1190 ritus
421 1125 456 1193 mi
477 1121 666 1208 ἆντιμίνσιον
689 1129 840 1186 dictarent.
880 1125 993 1184 fabulae
1008 1122 1158 1204 plusquam
1168 1121 1259 1183 Aesa-

157 1218 251 1298 picae;
269 1217 371 1292 quibus
392 1213 550 1274 refellendis
577 1213 626 1271 diu
654 1208 793 1272 immorari
816 1210 855 1269 nil
875 1213 929 1270 erit
950 1229 1080 1289 necesse,
1100 1211 1149 1270 ubi
1166 1211 1259 1290 ipsam

157 1303 306 1363 veritatem
332 1300 575 1380 explicaremus,
615 1316 668 1358 uec
687 1297 800 1357 aliunde
821 1296 875 1354 nisi
899 1315 933 1355 ex
963 1296 1134 1355 Graecorum
1158 1315 1259 1355 mouu-

157 1388 269 1447 mentis.
311 1388 381 1462 quid
397 1387 482 1464 igitur
497 1389 566 1443 suut
579 1383 758 1442 antimenn'ai
788 1385 963 1455 antimcrcu'a,
983 1382 1076 1458 inquit
1095 1382 1141 1441 ille
1150 1382 1180 1439 in
1194 1380 1261 1441 Iure

158 1471 217 1531 GR
231 1471 278 1530 fol.
292 1473 371 1546 289,
394 1476 491 1531 acinus
500 1472 568 1549 fieri
585 1470 682 1544 salita,
703 1466 807 1548 quando
816 1471 949 1546 epiecopus
961 1473 1111 1527 consecrato
1123 1467 1261 1527 dedicato-

158 1577 209 1636 que
221 1557 317 1634 tempto
325 1577 444 1636 patmum
453 1575 555 1614 mensae
568 1555 732 1614 substratum
744 1571 908 1630 mersamque
916 1573 963 1611 reu
973 1553 1059 1612 altare
1071 1557 1215 1628 tegentem,
1229 1554 1261 1610 in

151 1641 247 1722 scuria
260 1641 400 1700 dierectum
409 1646 563 1721 pictamque
571 1639 749 1698 cacerdotibus
765 1637 917 1709 distribuit,
941 1642 973 1695 ut
986 1657 1016 1697 eo
1025 1637 1146 1718 praediti
1156 1637 1262 1715 sacrifi-

157 1725 342 1804 ciumoffeme
364 1731 472 1805 queant.
513 1729 581 1784 suut
604 1725 691 1802 igitur
710 1725 869 1782 antimcnria
891 1740 1018 1799 eaquae
1039 1724 1116 1801 apud
1140 1721 1260 1782 Latinos

157 1809 261 1892 lapidee
285 1815 430 1870 comcmot'i
451 1829 502 1870 seu
528 1809 772 1888 comportantes,
802 1809 863 1866 siue
891 1807 993 1885 quibus
1021 1807 1183 1867 sacrificium
1201 1807 1261 1866 fieri

156 1916 217 1957 nou
230 1901 342 1975 potest,
362 1897 387 1956 si
408 1916 466 1955 uon
480 1895 615 1954 offeratur
630 1895 660 1954 iu
677 1893 758 1952 altari
777 1911 880 1974 perse
901 1893 1025 1969 alioquin
1046 1899 1209 1952 consecrato
1230 1898 1262 1950 et

155 1983 297 2057 dedicato.
341 1981 471 2040 dicuutur
485 1981 658 2056 antimmuia,
684 1980 751 2058 quia
770 1984 837 2040 sunt
851 1978 913 2039 loco
932 1997 1045 2036 meusne
1059 1997 1261 2038 seueraecon·

157 2071 284 2126 sectatae
300 2067 416 2146 eiusque
436 2067 524 2125 vicem
544 2065 681 2138 subeunt;
701 2065 833 2138 'fiuntque
853 2082 887 2122 ex
906 2065 1102 2144 pannodiviso
1116 2065 1188 2124 etin
1202 2065 1262 2122 fru-

158 2159 205 2210 sta
219 2153 358 2231 dissecto,
379 2172 414 2212 ex
428 2152 491 2230 illo,
509 2151 641 2227 iuquam,
659 2163 754 2228 panno
769 2149 817 2226 qui
833 2149 921 2208 altare
931 2149 972 2209 ab
990 2151 1122 2229 episcopo
1138 2151 1174 2208 de
1187 2168 1262 2207 novo
1341 2194 1347 2202 .

158 2243 351 2296 consecratum
370 2237 509 2297 vestiebat
530 2243 560 2294 et
579 2234 711 2294 ornabat:
738 2237 792 2294 hoc
808 2235 881 2292 enim
898 2235 1100 2311 operimentum
1119 2236 1149 2293 in
1166 2238 1262 2314 partes

159 2324 282 2382 minutus
297 2323 448 2381 dissectum
461 2320 645 2379 distribuebat
658 2321 806 2400 episeopus
819 2319 1022 2398 sacerdotibus,
1035 2327 1068 2379 ut
1081 2325 1182 2399 postea
1195 2339 1260 2397 par-

159 2409 231 2466 tium
246 2408 364 2466 istarum
379 2407 513 2467 beneficio
530 2405 691 2482 sucrificium
716 2406 746 2465 iu
770 2405 905 2466 alicuibus
932 2406 1017 2466 etiam
1030 2425 1089 2466 uon
1114 2423 1261 2467 consecra·

161 2492 200 2550 tis
215 2491 317 2550 offerre
329 2498 458 2571 possent.
528 2499 530 2504 '

231 2623 257 2677 p
271 2607 287 2661 5
299 2623 326 2661 m
340 2608 381 2662 18.
398 2606 560 2675 intimanda,
572 2605 645 2677 quasi
656 2622 759 2662 menone
769 2621 860 2660 sacrae
870 2604 1263 2677 uiccmsumptmsuutiirueoo·

163 2675 1264 2816 'ttttttttttn''tttttittnttttttttrtttcrtssttztttttt

162 2763 292 2868 beticum.
325 2819 356 2868 ut
365 2819 577 2870 communest
586 2815 612 2869 in
623 2815 812 2882 commuuione,
833 2812 879 2884 qui
888 2811 965 2866 huius
978 2829 1065 2869 aman
1079 2814 1196 2886 sucipit,
1210 2813 1263 2868 inu

162 2881 270 2951 praefici
287 2883 422 2939 muricum

249 2987 389 3058 Quocirca
413 2989 523 3065 quaerit
546 2988 592 3048 ille
614 2988 644 3047 iu
673 2986 738 3047 Iure
761 2987 1029 3070 Graeco-Romano,
1071 2989 1136 3070 quid
1150 2989 1262 3070 sacien-

162 3071 226 3132 dum
244 3077 271 3132 ri
289 3073 376 3132 decim
394 3077 570 3147 ontinensia,
602 3093 662 3134 cum
686 3079 743 3133 sinc
761 3075 804 3134 bie
831 3077 960 3136 celebrare
986 3097 1039 3136 non
1069 3076 1168 3138 liccat?
1217 3095 1263 3135 re-

160 3177 299 3236 sponsum
328 3158 373 3217 luis
407 3158 499 3218 rubis
526 3160 623 3218 datur:
664 3162 822 3221 mutinensia
850 3165 880 3222 in
908 3162 1026 3222 mnnibca
1050 3165 1152 3222 sanctio
1167 3163 1264 3220 mensio

163 3243 231 3322 (hoc
251 3249 297 3303 est
315 3242 465 3324 altaribus)
479 3248 547 3324 poni
562 3265 663 3304 necuere
682 3266 732 3306 nan
752 3252 807 3324 ert,
837 3247 884 3310 seb
906 3249 990 3307 iniis
1011 3247 1044 3306 dc
1063 3247 1158 3327 quibus
1174 3250 1263 3305 incer-

162 3333 221 3387 tum
241 3348 303 3388 nmn
323 3336 488 3390 consecratae
505 3333 560 3390 rint
580 3350 667 3391 necne.
707 3351 770 3393 nam
787 3335 949 3391 antinomia
968 3331 1053 3392 mmm
1070 3335 1187 3392 obtinent
1201 3351 1263 3390 con-

162 3420 328 3475 secratarum
354 3435 523 3488 mensorum,
558 3435 605 3476 nec
627 3420 664 3475 iic
689 3437 753 3496 opus
772 3423 810 3476 ert
831 3419 880 3478 ubi
901 3436 1004 3476 mauce
1025 3423 1189 3478 cnuematar
1209 3435 1263 3476 cuc

163 3503 275 3559 emutat
319 3518 353 3559 ex
373 3501 474 3579 quibus
494 3500 601 3577 liquido
622 3506 703 3580 patet
719 3521 791 3579 quae
810 3501 868 3560 siut
884 3506 1060 3574 antinomia,
1080 3503 1143 3580 quis
1164 3521 1263 3561 eorum

161 3601 248 3662 usus,
273 3603 376 3663 nempe
394 3587 469 3645 idem
488 3605 603 3666 prorsus
624 3587 673 3662 qui
693 3590 771 3667 apud
795 3606 848 3646 nos
868 3586 997 3648 altarium
1022 3589 1192 3666 pmtatilium
1210 3605 1263 3645 seu

161 3667 300 3745 mudum,
318 3676 358 3729 ut
374 3690 521 3749 vocamus,
544 3679 768 3748 commotarum,
789 3691 909 3750 quorum
922 3672 1057 3732 beneficio
1077 3677 1175 3752 potest
1199 3673 1264 3748 quis

162 3754 248 3813 etiam
266 3754 297 3814 ia
318 3773 376 3814 uon
395 3761 559 3817 consecrato
578 3755 660 3815 altari
677 3758 824 3818 celebrare.
867 3760 944 3835 quod
962 3778 1031 3836 ergo
1050 3778 1102 3818 nos
1112 3777 1264 3838 possumus

162 3835 218 3897 hoc
235 3840 347 3916 medio,
371 3840 402 3899 id
422 3841 522 3900 Graeci
544 3841 662 3917 quibunt
684 3863 735 3920 per
757 3847 929 3916 antimenn'a,
955 3843 1010 3904 hoc
1027 3849 1072 3903 est
1088 3863 1140 3924 per
1167 3849 1265 3922 partes
1387 3891 1388 3908 r

162 3925 318 4002 tegumenti
334 3925 407 3988 iuius
428 3928 507 4006 quud
524 3945 630 3988 navum
648 3927 754 4010 altare,
786 3929 899 4007 quaudo
921 3930 1058 4010 templum
1081 3929 1264 3992 consumebat·
1387 3921 1388 3985 l

162 4015 227 4090 tur,
247 4017 404 4091 operuerat.
886 4051 891 4066 ι
1281 4017 1283 4022 ’

53 4107 75 4164 P
94 4111 145 4166 170
244 4112 324 4174 Inter
339 4120 445 4174 ceteras
463 4115 641 4192 quaestiones
666 4113 765 4176 Ioanni
786 4115 877 4177 Citrio
898 4117 1060 4196 propositas
1084 4114 1154 4176 haec
1179 4115 1266 4176 etiam

159 4213 219 4256 aaa
235 4206 316 4278 erat,
339 4216 376 4260 au
393 4204 550 4262 continencia
565 4203 768 4284 etiamsooteant
783 4207 813 4264 in
824 4205 1041 4281 mmmmmciie
1053 4208 1080 4261 et
1096 4203 1267 4276 dioecedbae,

161 4284 292 4346 auidum
305 4290 335 4347 in
349 4287 462 4350 murco
472 4291 588 4370 cpurqr·
597 4291 756 4352 aninam
777 4289 835 4371 iila¹
852 4291 1027 4352 consecrarint
1045 4293 1073 4347 et
1093 4288 1267 4368 conficiam'a
1386 4288 1387 4317 ¹
