2802 4686
168 277 219 350 80
483 275 631 346 comat
653 275 950 346 cuaoraaataa

167 447 410 540 παραγενομένου
432 446 483 536 ἐφ’
508 439 546 513 ού
565 444 583 518 ὅ,
604 449 739 538 σταυρὸς
760 451 901 528 ίστοται,
937 443 1068 517 ἀπάλαι
1084 442 1180 534 φόρος
1195 447 1270 515 dnu—

128 559 152 614 B
170 559 264 633 λεῖτο,
291 552 452 638 ἀπέρχεται
469 547 485 614 ὃ
500 551 645 632 βασιλεὺς
665 556 716 619 καὶ
739 550 842 618 ἀκούει
856 553 911 636 τὴν
927 551 996 615 κατ’
1019 550 1094 627 έθος
1109 552 1201 617 ε’κεῖσε
1217 550 1271 616 έκ-

167 656 347 740 τελαυμένην
372 653 569 720 ἀκολουθίαν.
618 657 695 742 μετὰ
711 656 744 720 δὲ
759 655 814 740 τὴν
830 652 977 722 ἀπόλυσιν
993 653 1156 740 ἀπέρχεται
1172 645 1270 730 αὖθις

169 763 211 838 εἰς
225 761 259 826 τὰ
276 754 434 822 παλάτιον.

271 860 363 927 Κατὰ
381 858 438 942 τὴν
458 854 564 944 ἑορτὴν
580 865 640 925 τῶν
655 859 792 946 γενεσίων
812 867 866 944 τῆς
880 857 1031 928 θευτόκου
1045 857 1208 946 ἀπέρχεται
1224 859 1294 936 riga
1315 895 1320 910 =

93 997 94 1002 ¹
166 965 223 1050 τὴν
240 965 409 1047 σεβασμίου
421 961 519 1046 μονὴν
532 961 587 1044 τὴν
600 968 655 1030 τυῦ
668 960 782 1044 Λιβός.

58 1085 153 1142 1³11ss
270 1065 362 1132 Κατὰ
385 1063 441 1149 τὴν
466 1044 588 1148 μνήμηὰ
616 1072 672 1132 τού
698 1063 830 1152 μεγάλου
853 1061 1032 1150 Δημητρίου
1061 1066 1105 1140 είς
1130 1062 1195 1146 τὴν,
1215 1061 1267 1128 ἐπ’

168 1153 295 1253 ὀνόματι
325 1168 420 1234 αὐτοῦ
446 1169 618 1254 τιμωμένην
647 1171 817 1254 σεβασμίου
844 1167 942 1252 μονὴν
965 1167 1021 1252 τὴν
1041 1174 1101 1233 τῶν
1124 1170 1269 1238 Παλαισ-

170 1271 276 1360 λόγων.
311 1295 314 1308 ·
1037 1317 1039 1325 ι

273 1369 364 1440 Κατὰ
379 1373 434 1456 τὴν
448 1380 501 1440 τοῦ
516 1370 649 1461 μεγάλου
663 1370 890 1463 Χρυαυστόμου
906 1367 1027 1458 μνήμην
1045 1372 1207 1464 ἀπέρχεται
1226 1375 1269 1450 είς
1278 1385 1314 1438 10

172 1478 228 1562 τὴν
242 1475 330 1564 ἀγίαυ
344 1478 473 1564 Σοφίαν,
498 1481 549 1544 καὶ
565 1475 666 1543 ἀκούει
680 1478 736 1561 μέν
750 1484 810 1544 τῶν
826 1474 988 1564 ἓσπεριντόν
1003 1473 1116 1558 ύμυωυ,
1141 1457 1219 1558 μετὰ
1235 1477 1269 1542 ἀὲ

172 1583 229 1666 την
248 1579 394 1647 ἀπόλυσιν
417 1579 572 1666 ἀνέρχεται
592 1585 633 1659 εἰς
655 1582 690 1648 τὰ
706 1583 822 1646 κελλίον
836 1586 890 1645 τοῦ
906 1577 1093 1666 πατριάρχου
1111 1575 1270 1646 ἀναπαυό-

174 1709 264 1770 μενος
276 1687 384 1751 durior·
416 1691 453 1772 τῇ
472 1685 504 1748 dd
519 1683 662 1770 ἐπαύριον
678 1684 756 1750 κατὰ
768 1684 821 1750 τὸν
833 1689 888 1766 τῆς
899 1683 988 1758 θείας
1001 1685 1186 1771 λειτουργίας
1200 1709 1271 1749 και·

84 1873 86 1884 7
176 1787 230 1878 ρὰυ
246 1787 435 1874 κατέρχεται,
458 1789 510 1852 καὶ
525 1784 637 1872 ταύτης
652 1789 844 1872 τελεσθείσης
861 1785 1032 1873 ἀπέρχεται.

278 1889 368 1954 Κατὰ
384 1889 438 1972 τὴν
457 1896 517 1957 τῶν
533 1892 669 1958 εἷσοὰίων
682 1898 737 1976 τῆς
750 1886 899 1958 θεοτόκου
910 1885 1033 1975 μνήμην
1049 1889 1211 1978 ἀπέρχεται
1226 1890 1269 1966 είς
1279 1897 1312 1956 16

175 1993 232 2080 τὴν
245 1997 300 2078 τῆς
314 1993 523 2079 Περιβλέπτου
540 1996 709 2077 σεβασμίου
722 1990 829 2079 μουηύ.

135 2111 158 2166 Β
280 2095 370 2160 Κατὰ
393 2095 449 2180 τὴν
470 2103 524 2162 τοῦ
544 2095 677 2184 μεγάλου
693 2097 858 2174 Βασιλείαν
882 2093 1042 2183 ἀπέρχεται
1064 2090 1210 2170 ὡσαύτως
1229 2094 1272 2170 εἰς

174 2201 231 2285 τὴν
242 2200 292 2264 ἐπ’
312 2195 439 2282 ὀνόματι
453 2199 548 2266 αὐτοῦ
560 2202 730 2284 τιμωμένην
744 2200 913 2284 σεβασμίου
926 2197 1032 2283 μονήν.

173 2403 257 2482 ναόν,
284 2402 534 2470 ἀκολουθούντων
556 2409 607 2470 καλ
624 2412 685 2472 τῶν
698 2404 877 2492 Βαράγγων.
891 2414 919 2443 ““
929 2408 980 2470 καὶ
996 2402 1123 2468 πάντοτε
1142 2403 1198 2484 μὲν
1215 2406 1314 2472 redeo

173 2505 323 2591 βασιλέως
338 2505 607 2590 καβαλλικεύοντος
628 2509 861 2587 ἀκολουθοῦσιν,
888 2488 1031 2596 φέροντες
1045 2505 1095 2573 ἐπ’
1112 2503 1203 2592 ὤμων
1218 2503 1274 2582 τὰς

173 2611 304 2687 πελέκεις
327 2609 428 2675 αὐτῶν
451 2613 501 2676 καὶ
525 2613 613 2700 μέχρι
637 2619 698 2678 τῶν
716 2609 865 2696 Ὑψηλῶυ
890 2609 1105 2696 ἀπερχόμενοι,
1138 2607 1218 2672 κατὰ
1237 2609 1273 2672 de*

144 2753 146 2758 ,
175 2712 288 2798 ταύτην
303 2713 358 2797 τὴν
372 2711 480 2801 ἑορτὴν
493 2716 582 2802 μέχρι
596 2718 647 2782 καὶ
661 2722 716 2782 τοῦ
730 2722 804 2782 ναοῦ
817 2716 1052 2784 ἀκολουθοῦσιν.
1097 2710 1133 2778 od
1148 2710 1210 2796 μὴν
1222 2712 1273 2776 καλ

245 2860 263 2912 6
282 2854 432 2926 σεβασμίου
448 2857 533 2915 card
636 2895 638 2902 ·

177 2977 292 3045 batur),
316 2977 344 3028 in
368 2975 567 3046 cuiue-vertice
592 2994 656 3032 crux
673 2977 782 3046 visitur,
812 2995 844 3032 ec
861 2977 939 3032 etiam
957 2995 987 3030 ee
1003 2976 1107 3030 confert
1122 2975 1275 3045 imperator,

179 3046 391 3166 auditrpue'apucd
409 3063 457 3114 pro
474 3063 546 3100 more
564 3046 603 3100 ibi
620 3047 757 3118 peragitur
774 3048 898 3104 officium.
934 3046 1059 3100 missione
1078 3047 1140 3100 data
1158 3045 1275 3100 revorti-

178 3125 254 3170 tura
332 3115 421 3169 atium.

246 3133 363 3236 lnptemo
383 3182 530 3237 nativitatis
547 3183 671 3257 deiparae
687 3183 745 3238 abit
767 3185 801 3240 ad
817 3184 968 3241 venerabile
985 3182 1171 3238 monasterium
1187 3181 1273 3240 Libia.

246 3253 278 3306 In
294 3253 418 3306 memoria
435 3253 522 3322 magni
539 3253 666 3307 Demetrii
688 3257 744 3307 abit
768 3255 910 3324 imperator
935 3255 970 3306 ad
990 3255 1167 3306 venerandum
1183 3269 1276 3305 mona-

178 3322 285 3378 sterium
303 3321 525 3404 Palaeologorum,
544 3324 615 3392 quod
631 3324 735 3377 nomine
753 3324 882 3394 praedicti
897 3322 1021 3394 martyria
1039 3322 1189 3392 indignitur.

247 3391 435 3459 Festo-magni
452 3392 634 3460 chrysostomi
660 3395 764 3448 confert
787 3411 817 3446 ac
841 3393 874 3446 ad
898 3393 928 3444 S.
947 3391 1091 3462 Sophiam,
1118 3399 1146 3444 et
1162 3391 1276 3444 interest

178 3461 338 3530 vespertinis
355 3460 485 3514 laudibus.
522 3462 617 3532 quibua
635 3462 760 3516 absolutis
783 3461 873 3515 celiam
895 3460 1062 3532 patriarchae
1082 3461 1164 3531 petit,
1192 3467 1222 3513 ut
1237 3459 1275 3512 ihi

178 3529 307 3654 puieppat.
342 3537 449 3599 postero
475 3528 519 3584 die
545 3532 615 3586 circu
638 3531 761 3600 liturgiae
785 3539 888 3602 tempus
913 3530 1065 3599 descendit,
1092 3547 1176 3599 eaque
1199 3529 1276 3582 finita

195 3599 233 3652 isc
267 3599 298 3652 it.

246 3665 277 3718 ln
294 3669 507 3737 praesentatione
521 3669 647 3740 deiparae
664 3668 793 3739 virginis,
819 3669 922 3740 quando
944 3668 1069 3737 templum
1086 3666 1208 3737 ingressa
1225 3674 1276 3734 eat,

178 3735 234 3791 abit
251 3736 286 3788 ad
301 3737 477 3792 venerandum
494 3739 679 3811 monasterium
695 3747 832 3810 spectatae
850 3746 877 3792 et
896 3736 1065 3791 admirandae
1081 3737 1194 3806 virginis
1218 3735 1277 3790 doi-

198 3821 269 3858 arae·

177 3824 195 3878 P
246 3876 328 3928 Festo
356 3874 444 3942 magni
461 3875 553 3928 Basilii
577 3876 680 3930 confert
704 3893 734 3929 ae
754 3875 898 3946 imperator
920 3875 953 3930 ad
976 3872 1128 3936 venerabile
1146 3880 1278 3927 monasta-

178 3943 243 3998 rium
274 3941 345 4012 quod
360 3942 437 3998 istius
455 3945 557 3998 nornine
575 3945 726 3998 honoratur.

244 3983 276 4066 dn
293 4013 362 4065 festo
378 4029 501 4066 occursus
519 4031 564 4066 eeu
581 4013 772 4082 purificationis
789 4012 886 4082 recipit
901 4031 931 4067 ae
948 4013 1091 4082 imperator
1106 4013 1139 4065 ad
1151 4007 1278 4065 Blacher-

178 4101 268 4136 narum
285 4080 423 4152 templum,
449 4082 633 4138 comitantibus
651 4083 795 4152 Barangis‚
821 4083 866 4150 qui
882 4099 986 4151 comper
1000 4083 1184 4152 imperatorem
1201 4081 1278 4148 equi-

178 4159 276 4205 tantem
295 4151 466 4218 comitantur,
492 4161 628 4220 portantcs
652 4153 766 4206 humoris
790 4151 844 4205 suit
864 4167 971 4205 secures
994 4167 1068 4218 auae,
1093 4151 1279 4218 deducuntque

178 4237 261 4290 usque
280 4223 313 4276 ad
331 4220 414 4274 locum
430 4213 543 4288 ‘Punici
559 4218 665 4274 dictum.
701 4229 730 4276 at
746 4221 774 4274 in
791 4221 841 4274 hoc
858 4222 926 4274 testo
945 4219 1022 4272 etiam
1040 4220 1073 4272 ad
1090 4219 1213 4288 templum
1231 4235 1278 4270 co-

179 4291 318 4358 mitantum
343 4289 388 4346 ubi
412 4297 499 4344 tamen
523 4307 576 4346 που
601 4299 707 4344 manent
727 4307 811 4364 aequa
833 4291 866 4346 cd
887 4288 1054 4360 imperatoris
1071 4289 1202 4357 reditum,
1229 4287 1277 4340 aed
