2802 4686
385 273 443 340 DE
469 267 646 342 ormella
671 271 732 342 GP.
754 272 840 344 GAP.
863 273 946 342 XX.
1154 277 1226 348 105

133 439 279 528 τριόρχης
292 451 505 528 χειροτονεῖται
521 438 625 526 μόνον,
646 439 808 531 inuisitati
820 443 971 528 βασιλίοις
984 443 1153 536 πράβλησις
1165 447 1232 515 ἀντὶ

133 551 187 630 τῆς
200 551 313 632 μικράς
330 548 474 632 λογίζεται
491 550 670 632 σφραγῖδος.

151 695 155 704 -
232 637 364 731 Ὁμοίως
379 650 430 713 καί
452 643 695 733 ἀπαραλλάκτως
710 651 820 736 γίνεται
841 649 892 713 καλ
906 641 932 733 ἢ
956 657 1017 716 τῶν
1038 646 1147 737 ἑτέραν
1169 677 1231 716 πα-
1248 655 1273 712 0

134 757 287 837 τριαρχιῖιν
301 749 484 837 πράβλησις,
515 758 570 817 τοῦ
593 778 625 818 τε
646 751 889 837 Ἀλεξανδρείας,
913 760 968 819 τοῦ
985 753 1164 836 Ἀντιοχείας
1181 757 1232 820 καὶ

111 859 190 920 seut
200 849 429 939 Ἱεροσολύμων,
455 853 534 920 ἀλλά
554 855 592 938 δὴ
614 859 665 922 καὶ
687 862 742 922 τοῦ
764 853 1001 940 ἀρχιεπισκίπου
1016 854 1139 941 πρώτης
1153 859 1233 923 Ἰου-

133 961 287 1040 στινιανῆς
305 955 444 1042 ’Λχρίδος
462 959 512 1022 καί
527 953 628 1042 πάσης
641 959 851 1045 Βουλγαρίας,
882 957 945 1024 ἐπεὶ
959 958 1084 1048 ἀευτίρα
1102 959 1229 1027 ’locotr-

133 1055 221 1142 νιανή
236 1061 316 1124 ἐστιν
332 1057 352 1144 ἦ
366 1057 510 1146 Κάπρος,
529 1057 710 1150 καίτρίτηὴ
727 1057 911 1146 Καρχηάάν.

240 1159 279 1226 Oi
292 1161 394 1246 μίντοι
411 1187 443 1249 χε
457 1163 605 1250 ἀρχιερεῖς
616 1164 694 1247 μετά
710 1165 766 1241 τὰς
780 1160 909 1250 ψήφους
923 1161 1024 1230 alem
1034 1159 1229 1248 χειροτονού-

133 1289 220 1348 μενοι
237 1262 323 1350 παρὰ
343 1271 397 1332 τοῦ
417 1263 624 1352 πατριάρχου,
649 1267 728 1350 μεθ’
746 1263 862 1352 ἡμέρας
877 1263 961 1342 τινάς
975 1271 1031 1350 τῆς
1043 1269 1230 1352 χειροτονίας

94 1381 128 1436 10
135 1366 247 1448 αὐτῶν,
271 1373 366 1434 ποιεῖν
385 1367 475 1452 εάχὴν
498 1369 622 1446 ἕκαστος
635 1367 711 1456 ὑπὲρ
730 1377 791 1435 ταῖν
807 1364 998 1457 κρατούντων
1015 1371 1135 1433 καὶτοῦ
1150 1367 1231 1454 inq-
1311 1418 1318 1444 .

133 1468 219 1551 κάσιν,
243 1471 404 1557 ἀπέρχεται
416 1479 593 1560 προσκυνῶν
606 1472 814 1556 τὸνβασιλέα,
839 1473 890 1538 καὶ
905 1469 1101 1559 ἀναγινώσκει
1115 1469 1229 1558 ταύτην

133 1581 190 1660 τῆς
201 1572 421 1662 παραστάσεως
440 1573 610 1660 ἱσταμένης.
734 1638 737 1642 ,

201 1693 205 1702 ’
237 1676 278 1742 Oi
294 1677 330 1744 tt
341 1702 374 1762 γε
391 1677 626 1767 ἀρχιμανάρῖται
641 1679 691 1744 καί
706 1673 982 1765 πρωτοσίγκελλοι,
1015 1675 1092 1742 ἀλλά
1114 1677 1152 1761 δὴ
1175 1677 1267 1744 nain

133 1775 359 1864 καθηγούμενοι
372 1786 433 1845 τῶν
451 1782 577 1862 ἐντίμων
590 1782 812 1867 μονοστηρίων,
840 1779 918 1860 μετὰ
937 1777 972 1844 τὸ
994 1779 1049 1862 τὴν
1071 1784 1229 1868 σφραγῖδα

92 1881 220 1966 15παρά
232 1889 288 1947 τοῦ
301 1878 489 1968 πατριάρχου
508 1888 612 1966 λαβεῖν
630 1882 810 1968 ἀπέρχονται
825 1884 876 1946 καλ
890 1886 1093 1968 προσκυνοῦσι
1109 1886 1159 1946 καὶ
1175 1875 1230 1948 οὗ·

133 2008 199 2062 τοι,
224 1986 275 2048 καί
297 1982 488 2067 λαμβάνουσι
509 1986 544 2054 τὸ
561 1987 723 2050 δικανίιιιον
739 1983 798 2050 ἀπὸ
812 1991 866 2067 τῆς
881 1990 936 2048 τοῦ
950 1973 1100 2066 βασιλέως
1110 1984 1231 2075 χειρός.

133 2087 186 2151 καί
207 2085 236 2150 οἱ
257 2083 312 2169 μίν
333 2087 494 2173 ἀρχιερεῖς·
503 2092 546 2165 εἲς
561 2086 764 2174 προσκύνησιν
784 2093 841 2152 τοῦ
855 2087 1004 2168 βασιλέως
1010 2133 1020 2164 ,
1044 2082 1085 2162 ὡς
1106 2083 1232 2173 εἴρηται,

133 2185 292 2275 ἀρχόμενοι
314 2189 393 2273 μετά
415 2196 475 2255 τῶν
495 2188 624 2277 ἐχόντων
638 2187 782 2274 pavetne
804 2184 904 2254 αάτιῖν
923 2183 1079 2270 ποιαμοάς
1098 2217 1233 2278 προσκυ-

133 2296 238 2357 νοῦσιν
261 2288 363 2370 αὐτόν,
391 2291 421 2356 σί
440 2292 477 2358 ἀί
489 2319 522 2378 γε
538 2301 593 2380 τῆς
608 2293 766 2378 ἐκκλησίας
781 2289 925 2378 ἀρχοντες
936 2289 1016 2376 μετά
1034 2297 1096 2358 ταῖν
1117 2297 1234 2384 ἐπιρρι-

93 2395 270 2483 ῖθπταρίαιν
287 2395 338 2461 καί
355 2394 492 2478 ίματιόιν.

204 2589 306 2652 losoni
323 2589 403 2652 oruP

136 2759 194 2815 nari
215 2765 243 2815 et
264 2759 428 2829 consecrari,
453 2759 662 2830 quandoquidem
683 2757 852 2832 imperatoris
875 2759 1035 2816 renuntiatio
1057 2779 1157 2833 parvae
1184 2784 1233 2838 per

134 2847 239 2884 cruceni
256 2830 412 2900 signationis
431 2829 513 2884 vicem
530 2829 646 2901 supplet.

203 2932 375 2988 Ad''eundem
397 2933 499 2986 molum
522 2932 581 2988 siue
601 2931 660 2986 nlla
672 2929 821 2986 variatione
837 2929 973 3001 peragitur
990 2932 1098 2989 aliorum
1116 2939 1230 3006 patriar-
1256 2959 1258 2965 ·

49 3005 53 3018 '
135 2997 239 3054 charum
264 3002 431 3072 proclamatio
455 3010 483 3055 et
503 3002 664 3072 designatio,
688 3001 808 3054 nimirum
831 3000 1005 3055 Alexandriae
1022 3003 1178 3060 Antiochiae
1203 3018 1231 3064 et

134 3068 392 3138 Hierosolymorum
421 3071 485 3138 quin
507 3080 535 3124 et
556 3069 746 3142 archiepiscopi
768 3070 868 3140 primae
884 3069 1045 3125 Iustinianae
1063 3073 1184 3129 Achridis
1203 3086 1230 3133 et

134 3138 216 3192 totius
232 3139 387 3208 Bulqarisee
405 3157 464 3192 narn
481 3141 595 3194 secunda
610 3141 754 3194 Iustiniana
769 3147 811 3194 eat
825 3140 940 3209 Cyprus,
956 3142 1037 3194 tertia
1052 3142 1194 3214 Carthago.

203 3241 332 3312 Episcopi
351 3249 488 3312 postquam
506 3241 582 3296 electi
601 3250 659 3295 eta
676 3241 825 3310 patriarcha
842 3243 989 3296 consecrati
1006 3251 1075 3315 sunt,
1093 3250 1233 3304 conferunt

135 3325 165 3364 se
182 3319 244 3384 post
260 3311 360 3379 aliquot
376 3311 433 3362 dies
451 3311 484 3362 ad
501 3311 639 3380 palatium,
666 3320 729 3363 vota
745 3309 783 3363 ibi
800 3327 945 3380 precesque
961 3329 1010 3394 pro
1030 3313 1231 3382 imperatoribus

135 3385 163 3431 et
184 3380 302 3432 subiecto
325 3378 421 3450 populo
444 3381 541 3432 tacturi
565 3389 593 3432 et
613 3381 797 3450 imperatorem
823 3387 985 3433 veneraturi.
1024 3383 1119 3438 recitat
1142 3388 1231 3456 quivis

135 3463 234 3500 sacram
251 3448 438 3518 precationem,
457 3449 639 3502 circumstante
656 3447 779 3501 comitatu
798 3447 895 3500 aulico.

202 3548 238 3602 At
257 3548 475 3604 archimandritae
499 3558 528 3604 et
543 3547 745 3622 protosyncelli,
771 3545 818 3600 sed
842 3553 870 3602 et
892 3550 1022 3619 praelecti
1045 3553 1231 3610 venerabilium

135 3619 366 3684 monasteriorum,
388 3629 524 3689 postquam
549 3639 566 3674 a
589 3619 741 3691 patriarcha
765 3615 842 3670 electi
866 3627 942 3686 sunt,
968 3622 1066 3674 abeunt
1083 3631 1111 3676 et
1131 3625 1184 3695 ipsi
1198 3627 1232 3680 ad

135 3688 260 3755 palatium
284 3696 494 3756 veneranturque
517 3689 716 3760 imperatorem,
747 3692 775 3739 et
797 3687 831 3740 ab
854 3686 1020 3758 imperatoris
1042 3708 1118 3744 mauu
1138 3693 1233 3763 pednrn

135 3756 267 3825 pastorale
284 3757 425 3825 accipiunt·
462 3757 580 3828 episcopi
601 3758 705 3826 quidem
728 3758 762 3809 ad
778 3755 902 3810 honorem
918 3757 1069 3828 imperatori
1087 3761 1232 3817 habendum

100 3847 101 3854 ι
136 3825 265 3894 profecti,
289 3832 318 3880 ut
339 3825 435 3878 dictum
458 3833 513 3894 est,
539 3836 699 3880 venerantur
720 3825 791 3878 illum
813 3825 900 3895 palliis
917 3827 972 3880 suis
990 3829 1121 3884 undulatis
1137 3832 1234 3886 induti.

136 3894 265 3950 eeclesiae
282 3911 345 3952 vero
362 3911 486 3966 proceres
501 3895 697 3970 epirrhipteriis
713 3911 760 3952 seu
777 3895 892 3966 capitum
909 3897 1067 3966 tegminifiue
1085 3901 1235 3974 tunicisque

136 3964 231 4022 ornati.
