2798 4690
530 264 576 332 ΙΝ
594 263 744 334 souitu
761 263 846 335 CAP.
864 265 906 334 V.
1092 281 1095 291 ’
1190 261 1263 336 271

166 433 287 494 ileuaeo
300 431 403 511 liquet,
423 434 539 492 nemrim
554 429 744 510 appellabant.
772 430 873 491 notarii
894 429 981 508 igitur
1004 428 1075 490 duos
1096 428 1167 490 istos
1181 433 1264 490 notua

167 521 242 595 rios,
262 518 314 577 sub
330 518 500 578 Constantio
518 511 623 576 Amano
638 516 805 594 imperatore
825 535 877 595 pro
900 516 956 575 fide
975 515 1132 574 orthodoxa
1149 516 1264 598 occisos,

166 605 266 664 merito
276 603 496 680 venerabantur,
516 601 598 660 sicuti
617 601 716 660 medici
730 601 774 660 SS
795 601 927 686 Qnsmam
941 605 971 662 et
988 599 1155 663 Damianum
1177 601 1265 660 medi-

166 709 223 750 cos.
243 689 294 747 sed
319 707 453 767 processu
476 685 611 766 temporis
640 685 871 764 superseminavit
895 686 1021 745 inimicus
1040 685 1124 745 homo
1148 685 1264 763 zizanio,

166 775 240 833 festo
264 774 468 854 propemodum
494 773 525 832 in
547 769 731 831 Bacchanalia
748 770 792 830 vel
812 769 979 851 Lupercalia
1004 789 1094 832 verso.
1122 789 1189 849 puae
1208 770 1266 830 eli·

168 859 274 938 ρκοκδο
286 859 392 938 fiebant
414 862 445 918 in
473 856 525 920 SS
551 859 713 916 notariorum
729 857 804 936 sesto
821 877 841 916 e
861 859 972 916 notariis
987 875 1084 936 pueros
1106 855 1266 934 decentibus,

167 963 226 1004 uem
245 947 356 1003 scenicis
372 944 491 1021 personia
511 941 605 1021 ferum
626 942 794 1018 obeuntibus,
820 947 882 1001 ente
910 940 1012 1020 nlipsot
1038 961 1121 1001 annos
1147 939 1266 1000 melere-

165 1035 229 1088 sunt
255 1031 417 1088 sanctissimi
441 1027 516 1087 illius
544 1026 647 1084 donini
664 1025 757 1086 Ιαοαο
771 1026 942 1105 petriomlsee
968 1025 1078 1086 umes.
1110 1025 1151 1086 ita
1167 1025 1266 1086 Balsa·

167 1131 235 1174 mon
257 1114 295 1171 ad
317 1116 357 1176 62
385 1129 519 1171 canonem
542 1109 716 1170 Trullanum.
743 1112 842 1170 eadem
868 1113 955 1170 ferme
973 1110 1096 1168 invenies
1118 1109 1136 1170 l.
1154 1110 1175 1174 3
1194 1109 1266 1169 Iuris

169 1195 410 1257 GraeeoRomani
422 1217 449 1276 p.
466 1200 537 1259 228.
558 1197 659 1255 notarii
674 1214 743 1272 ergo
757 1214 859 1274 pueros
873 1197 957 1256 etiam
971 1195 1117 1255 docebant.
1138 1195 1184 1254 vix
1194 1195 1264 1254 fides
1280 1199 1303 1254 P
1320 1200 1373 1255 212

167 1285 206 1342 de
222 1283 350 1362 palatinis
364 1287 393 1341 et
406 1281 610 1355 ecdesiasticis;
632 1299 719 1358 quare
739 1281 777 1343 ad
794 1279 864 1342 alios
885 1281 1010 1342 notarios
1027 1277 1149 1347 officium
1162 1299 1266 1362 pueros

167 1369 285 1428 docendi
297 1369 472 1428 referendum
487 1368 548 1428 erit.

249 1486 285 1543 ib.
306 1504 332 1544 v.
358 1486 405 1550 14.
434 1485 599 1546 vocabulum
614 1479 730 1565 κᾶοτρα
743 1485 898 1564 generatim
918 1483 963 1543 hic
978 1483 1118 1560 significat
1136 1487 1265 1544 numne-

164 1576 225 1646 nes,
249 1571 309 1628 sive
326 1571 424 1648 oppidi
439 1573 499 1630 sive
516 1572 623 1630 fossati.
653 1573 737 1630 etiam
760 1567 890 1649 κᾶοτρον
908 1569 1042 1648 singulari
1058 1589 1174 1629 numero
1194 1568 1264 1648 legi·

165 1674 236 1713 mus.
258 1655 463 1714 Constantinus
482 1656 582 1716 Them.
606 1655 716 1716 Orient.
740 1660 792 1720 10:
814 1650 946 1736 κᾶστρον
971 1652 1050 1717 ἐστὶν
1066 1649 1263 1738 ὀχυρώτατον.

165 1733 375 1821 καοτροφδλαξ
406 1746 551 1800 castrorum
577 1746 685 1819 aedes,
710 1741 939 1822 successtiones
967 1745 1114 1800 casmenas
1141 1745 1264 1818 metetur,

165 1825 374 1903 neoeponesaie
386 1831 532 1886 castrorum
542 1829 666 1901 metatio,
681 1824 854 1909 καστρέσιον
866 1825 925 1884 sive
937 1824 1108 1904 necrplasov
1125 1831 1264 1886 castrense.

165 1909 264 1967 iisdem
289 1909 318 1966 in
340 1927 394 1968 usu
416 1916 485 1970 sunt
506 1907 676 1986 siscellas,
702 1909 889 1988 καοτέκλιον,
917 1907 1043 1988 nesciis
1067 1928 1120 1988 pro
1147 1909 1264 1970 castellis

165 2013 216 2052 sen
229 1997 415 2054 munitionibus
429 2003 458 2056 et
476 2016 529 2074 pro
546 1995 646 2078 oppido.
666 1995 731 2054 hinc
750 1997 902 2056 castelliani
920 1993 1021 2054 milites
1040 1993 1160 2054 castellis
1174 1995 1265 2076 impo-

165 2080 223 2138 siti.
241 2083 421 2144 καοτελλοῦν
433 2082 524 2141 locum
538 2081 659 2158 aliquem
672 2081 788 2140 munire.

234 2194 298 2249 ibid.
328 2191 445 2263 κᾶστρα]
480 2194 598 2248 ciuitates
632 2196 763 2250 moenibus
792 2194 907 2249 munitas
938 2191 1117 2280 interpretare.
1163 2194 1264 2249 Cedre-

166 2277 213 2316 uus
228 2262 256 2316 in
272 2263 400 2316 Michaele
415 2263 597 2333 Paphlagonss
625 2261 802 2332 Hepnpcissae
818 2258 850 2318 tl
867 2259 882 2316 δ
899 2257 1040 2334 Ἅβαορος,
1053 2259 1199 2334 *saumis
1214 2258 1266 2318 τδν

169 2327 282 2401 βασιλέα
299 2332 390 2401 δῆθεν
406 2325 523 2386 ἐκδικῶν
548 2329 586 2395 oie
604 2335 688 2388 θεῖον
709 2336 759 2403 τῆς
780 2330 911 2402 γυναικὸς
932 2326 1036 2396 αὐτοῦ,
1064 2329 1117 2403 τήν
1138 2351 1168 2388 es
1189 2327 1263 2401 πρὸς

159 2397 315 2470 Ῥωμαίους
330 2397 446 2471 εἰρήνην
461 2396 600 2456 ἀπείπατο
617 2401 664 2457 καὶ
680 2397 716 2456 sci
732 2400 831 2474 πρῴην
847 2397 973 2455 δοθέντα
989 2395 1095 2468 edesus
1112 2399 1161 2456 καὶ
1173 2396 1264 2472 epponis

166 2487 214 2536 ρια
230 2466 410 2539 ἀνεκτήσατο.
446 2471 563 2536 Barium,
580 2472 711 2542 Capuam,
735 2472 908 2525 Beneventum
925 2481 1063 2523 vocavemt
1078 2471 1104 2522 in
1124 2471 1264 2541 superiori-

166 2539 215 2592 bus
231 2536 346 2607 κάοτρα.
381 2539 454 2592 huius
470 2540 561 2593 mentis
581 2542 664 2594 iuuat
682 2542 835 2610 abantiquo
854 2541 922 2592 circa
938 2556 1028 2592 vocam
1051 2540 1117 2593 benc
1140 2540 1263 2593 Iustinia-

166 2624 213 2660 nns
230 2607 300 2661 Nov.
319 2609 383 2662 128:
409 2606 456 2662 nul
480 2603 545 2670 τοὺς
560 2601 591 2663 ἐν
608 2614 670 2672 ταῖς
686 2604 757 2677 ἐπαρ
774 2609 829 2671 tuse
847 2603 931 2670 duces
947 2602 1085 2678 ἄρχοντας
1099 2605 1261 2674 πολιτικούς

165 2693 195 2730 τε
211 2673 261 2731 καὶ
276 2670 488 2746 seussionensis
504 2670 535 2731 ἐν
551 2681 612 2742 ταῖς
628 2675 740 2734 πόλεσιν
756 2629 820 2749 iras
836 2673 973 2745 κοὶοτροις.

249 2803 277 2861 p.
291 2781 333 2845 42
346 2803 372 2842 v.
387 2789 416 2848 2.
437 2787 588 2862 catergon‚
610 2787 686 2861 quod
704 2791 749 2844 est
763 2786 892 2857 tsirssnis,
910 2788 943 2841 ut
957 2783 987 2840 in
1006 2783 1068 2861 ipso
1086 2782 1198 2843 Codino
1215 2801 1264 2841 ex·

165 2867 293 2945 ponitur,
311 2887 344 2926 ex
363 2865 467 2927 Arabia
481 2888 499 2926 a
511 2869 592 2928 Iunio
606 2872 767 2930 advocatur.
789 2870 894 2945 ubique
910 2868 1038 2926 nimirum
1059 2869 1103 2927 sui
1124 2867 1263 2928 Arabismi
1374 2901 1379 2913 ·

164 2953 316 3033 specimina
329 2953 395 3013 edit.
413 2974 463 3015 cur
475 2973 534 3014 non
546 2974 581 3015 ex
594 2948 670 3019 nerei
684 2963 714 3016 et
729 2955 816 3040 ἔργον
829 2954 1014 3033 compositum
1029 2951 1087 3012 siti

248 3071 284 3129 ib.
308 3090 333 3129 v.
352 3071 381 3132 7.
402 3068 618 3154 λογγαριαοτήν
630 3073 709 3132 aulae
723 3073 763 3132 ait
772 3071 868 3132 Iunius
882 3091 944 3131 esse
959 3071 1036 3132 illum
1053 3071 1101 3147 qui
1114 3069 1203 3130 Gallis
1217 3073 1263 3128 est

166 3171 279 3235 mugnus
292 3159 530 3233 castrametetur,
551 3153 783 3240 αλογαριάζειν,
805 3160 883 3236 quod
897 3164 943 3217 est
958 3164 1113 3236 competere.

229 3269 287 3334 u.
302 3289 327 3329 v.
346 3275 392 3334 12
419 3275 672 3358 pepuloeloyises]
702 3277 799 3338 Iunius
826 3275 1027 3357 interpretatur
1053 3277 1158 3351 nugnss
1188 3275 1261 3352 epns‘s

166 3360 283 3431 utentes,
302 3361 408 3433 mugnis
422 3364 495 3438 spuis
504 3367 665 3439 pugnantes.

234 3469 299 3524 ibid.
316 3472 495 3541 cataphractos
517 3473 618 3544 equites
641 3473 770 3546 existimo,
805 3476 851 3546 qui
872 3491 975 3530 numero
1001 3478 1028 3528 st
1047 3473 1160 3547 paudere
1176 3487 1261 3528 mmo·

165 3555 222 3596 rum
236 3557 331 3608 graves
346 3542 443 3632 maguis
462 3550 489 3596 et
504 3544 615 3597 fortibus
631 3545 703 3615 equis
720 3560 784 3614 opus
801 3545 934 3599 baberent.

233 3643 297 3697 ibid.
313 3639 503 3715 ependduttos]
520 3647 689 3700 trimascs'sios
706 3645 805 3716 antiqui
823 3647 892 3700 Gelli
908 3646 1042 3710 dixissent,-
1075 3645 1100 3698 ui
1111 3644 1195 3699 tribus
1208 3643 1262 3696 sin·

164 3713 218 3782 guli
241 3719 346 3766 utuntur
369 3714 447 3782 equis.
483 3717 622 3770 Pausanias
646 3713 739 3768 Gallos
761 3723 791 3770 ut
812 3717 850 3772 ita
874 3716 955 3770 dicam
978 3664 1178 3788 epseaidltoue
1195 3713 1262 3766 duca

164 3785 266 3836 Brenno
288 3781 314 3832 in
334 3783 451 3836 Graecos
474 3791 563 3840 enntm
580 3784 717 3854 descripsit
738 3785 756 3838 l.
777 3788 818 3839 10.
846 3791 938 3854 suere,
961 3785 1058 3856 inquit,
1082 3801 1163 3852 supra
1186 3798 1263 3836 sese-

164 3853 244 3922 ginte
256 3852 371 3919 equitum
382 3851 457 3905 milia
469 3855 582 3922 emplius
598 3856 670 3908 mille
684 3853 798 3908 ducenti.
832 3873 895 3908 nans
911 3857 1030 3926 singulos
1048 3856 1145 3922 equites
1155 3853 1205 3904 duo
1213 3856 1275 3919 su-⁴

164 3922 231 3974 muli
242 3920 413 3988 sequebantur
426 3923 485 3976 ins
520 3925 558 3990 is,
581 3931 608 3976 et
625 3923 677 3992 ipsi
694 3924 847 3990 equestrium
860 3927 963 3977 'artium
980 3925 1091 3977 memma
1108 3921 1198 3990 gnari.
1234 3919 1265 3971 lsi

163 3990 353 4058 proeliantibus
363 3991 474 4044 dominis
484 4009 512 4044 sn
523 4001 637 4046 extrema
648 3993 705 4046 asie
716 3994 879 4048 consistentes
890 3994 915 4046 ei
926 4000 1001 4046 erent
1017 3993 1092 4054 usui,
1110 3997 1139 4042 ut
1154 3991 1177 4042 si
1189 3993 1264 4056 forts

165 4076 245 4141 ppnus
262 4067 326 4112 esset
341 4062 464 4122 emissus,
480 4063 572 4116 stetim
589 4076 663 4114 suurn
679 4062 875 4128 submitterent,
894 4064 917 4117 si
933 4064 974 4116 uir
992 4061 1156 4120 concidisset,
1175 4073 1263 4110 serum

165 4145 194 4180 sn
205 4129 259 4180 eius
271 4129 353 4180 laensn
369 4131 529 4184 succederet:
549 4132 641 4206 ppodsi
663 4138 803 4199 utrumque
821 4133 882 4184 belli
907 4131 1019 4198 impetus
1038 4127 1185 4192 coemisset,
1208 4127 1263 4178 iens

161 4202 268 4265 praesta
280 4204 337 4249 eret
347 4200 455 4268 tertius,
474 4202 521 4270 p'ui
529 4217 578 4270 pre
589 4199 697 4252 mortuis
709 4200 791 4253 locum
803 4207 908 4255 teneret.
941 4209 1019 4266 atque
1036 4197 1102 4247 hanc
1118 4194 1261 4246 iustitutio-

164 4281 221 4318 nem
247 4281 313 4322 vooe
329 4267 413 4336 patria
429 4269 616 4326 trimereisieas
632 4267 778 4323 nomiuants
802 4284 894 4339 aqam
911 4268 977 4322 enim
990 4281 1105 4320 marcens
1121 4263 1261 4334 appellant.
