2798 4690
149 321 223 392 276
312 319 521 388 GRETSERI
535 319 589 383 ET
603 317 737 386 Gonni
750 315 1084 383 COMMENTARIUS

149 489 193 566 git
209 481 410 570 ὃιβᾶμιιοιιλα.
431 503 488 562 qno
502 480 597 544 codice
612 481 728 543 ‘sienni
748 483 773 540 ri
786 482 854 560 quid
872 481 1068 561 corrigendum
1083 480 1136 560 sit,
1157 483 1258 562 potius

153 581 183 632 et
199 573 266 633 ver‘o
282 573 398 650 propius
422 570 586 629 correxerim
608 565 811 644 drondroulc,
838 569 893 628 hoc
909 575 955 628 est
968 569 1015 628 ad
1038 568 1101 628 loca
1117 571 1257 650 patentia,

29 701 32 710 .
155 677 211 718 uuo
224 659 310 718 verbo
322 659 359 715 ad
372 657 489 732 atrium,
509 673 560 713 seu
572 655 609 712 ad
623 647 767 734 διάβατιι,
788 659 929 714 traiicitur.

239 759 346 828 Quinta
359 756 499 815 sententia
512 762 557 812 est
570 755 695 812 eiusdem
711 753 840 831 Memmii,
862 754 910 831 qui
923 757 953 812 et
971 753 1017 814 hic
1035 759 1066 812 et
1082 753 1112 812 in
1124 753 1257 831 catalogo

155 844 313 904 officialium
335 859 453 920 magnae
474 840 605 900 eeclesiae
635 835 871 920 μονιιβοῖμβηλον,
886 846 917 899 et
943 833 1132 920 ἃιβᾶμβηλον
1155 858 1173 898 a
1198 841 1257 898 celo

153 929 362 990 rescribendum
381 931 491 1004 censet,
511 927 592 1002 quasi
608 925 653 983 ille
671 924 788 1003 sirnplex
808 924 915 1004 velum,
935 925 981 986 hie
994 925 1098 1002 duplex
1110 925 1141 982 in
1156 931 1257 994 ‚eusto-

155 1018 203 1074 dia
220 1033 272 1072 sua
293 1013 436 1090 habuerit,
459 1011 557 1071 celarit
576 1012 691 1088 utique,
712 1009 761 1086 qui
781 1028 856 1068 nunc
874 1029 892 1068 a
915 1014 1007 1070 ianuis
1026 1013 1168 1079 ianitorem
1188 1029 1256 1070 nam

152 1102 205 1159 sub
220 1101 288 1160 velis
306 1099 371 1157 olim
384 1117 429 1157 res
446 1096 603 1174 gerebatur.
624 1101 765 1154 caeterum
776 1113 834 1153 mss
847 1095 929 1156 codd.
944 1095 1070 1172 inprimis
1083 1101 1255 1173 repugnant,

150 1205 271 1263 quorum
293 1185 386 1242 nullus
408 1185 492 1240 istam
508 1183 674 1260 scripturam
694 1181 775 1240 aubia
792 1179 912 1242 exhibet
944 1181 1046 1240 deinde
1064 1181 1253 1258 lampadarum

153 1283 253 1332 tenens
282 1264 489 1350 ὄιβᾶμιιουλον
509 1287 572 1326 ιιιιιι
596 1266 725 1346 larnpade
746 1285 863 1325 accema
885 1260 1093 1345 ὃιβᾶμκουλον
1114 1267 1145 1324 in
1167 1285 1253 1324 mann

153 1357 302 1437 portabat:
325 1373 383 1414 non
396 1359 457 1412 erat
466 1371 534 1430 ergo
544 1351 651 1430 velum,
671 1371 760 1428 aquo
775 1351 872 1412 calorii
890 1359 920 1410 et
940 1350 1059 1410 aaroni
1077 1349 1132 1410 oeli
1148 1369 1254 1410 nomen

151 1441 243 1500 sortiti
270 1446 346 1498 sunt.
377 1458 429 1498 nec
461 1439 539 1498 iuvat
570 1437 643 1496 hanc
673 1437 834 1516 opinionem
861 1433 1028 1496 Anastasius
1061 1435 1092 1494 in
1123 1435 1253 1513 Sylverio

150 1532 200 1586 aut
220 1525 330 1584 collatio
351 1544 415 1582 enm
434 1523 592 1582 Donatistis
609 1524 687 1600 apud
717 1521 739 1580 S
761 1520 966 1599 Augmtiumn:
995 1519 1063 1580 nibil
1082 1521 1156 1580 enim
1174 1521 1253 1580 aliud

151 1613 307 1670 ostendunt
322 1629 406 1687 quam
426 1610 479 1666 sub
501 1608 564 1668 velo
584 1627 629 1666 res
643 1607 710 1666 olim
727 1607 897 1686 incepturos
915 1609 1016 1683 suinae,
1035 1607 1095 1664 rive
1113 1625 1171 1664 uno
1192 1607 1253 1670 siue

151 1697 276 1769 duobus;
297 1702 376 1754 extra
389 1693 520 1770 quodvel
581 1699 677 1771 parter
691 1692 899 1770 exspectabant
917 1693 1253 1771 proedonmtutriurpre

146 1786 236 1861 partis
249 1783 362 1858 epicopi
368 1824 377 1853 ‚
400 1779 493 1854 inquit
506 1779 550 1837 Co
571 1779 641 1838 atio:
663 1778 773 1838 riiubet
786 1778 936 1838 sublinitas
950 1785 1016 1852 tuo,
1037 1780 1252 1838 intromittentur.

150 1869 191 1926 sic
206 1867 234 1926 b.
249 1865 389 1942 sylverius
406 1863 444 1924 cd
458 1867 573 1942 prinum
592 1870 618 1922 et
635 1863 775 1924 mundent
795 1863 880 1925 adun
900 1867 1010 1922 retinuit
1031 1880 1128 1922 onnon
1143 1857 1253 1922 clema

150 1953 220 2029 quid
229 1952 298 2009 haec
310 1952 348 2008 ad
364 1949 565 2029 lampadarium
579 1954 724 2028 nostrum,
743 1949 790 2008 cui
802 1951 859 2012 τοῦ
869 1942 1075 2030 διβαμπούλου
1089 1965 1165 2030 cura¹
1174 1965 1252 2008 com·

150 2039 236 2098 missa
249 2035 333 2096 erati

235 2139 321 2196 Sexta
332 2135 472 2194 sententia
479 2141 524 2194 est
531 2127 950 2216 ditioipnoolovcsaeduplicem
959 2133 1109 2212 ampullam
1118 2140 1148 2193 et
1154 2125 1251 2214 pavoi-

151 2229 288 2304 pnoolou
297 2220 448 2299 simplicem
459 2220 623 2300 ampullam
638 2220 711 2278 hanc
719 2221 843 2279 tenuisse
855 2221 885 2277 in
897 2219 1056 2278 clericorum
1067 2220 1252 2280 ordinationi·

43 2315 65 2367 P
83 2315 134 2371 215
150 2311 203 2370 bus
216 2314 247 2368 et
259 2305 460 2366 initiationibus
475 2307 628 2364 secundum
641 2306 794 2384 ostiarium,
811 2303 846 2364 de
860 2323 917 2381 quo
931 2305 960 2363 in
973 2311 1054 2364 sexta
1066 2307 1190 2384 pentade
1206 2306 1251 2364 of-

148 2394 277 2454 ficialium
284 2391 548 2468 magnaeecclesiae,
560 2391 635 2448 illam
644 2393 767 2449 tenuisse
774 2391 974 2469 lampadarium
987 2391 1015 2448 in
1026 2390 1249 2450 solemnitatibus

148 2499 219 2556 quas
233 2478 359 2536 Codinus
373 2477 519 2535 describit:
542 2476 583 2534 ita
597 2476 684 2534 etiam
698 2477 760 2554 ipse
772 2475 911 2535 Meursius
921 2497 946 2534 v.
959 2471 1175 2555 διβάμπουλον.
1196 2476 1250 2534 red

148 2565 217 2641 quid
231 2563 261 2620 in
280 2561 324 2620 his
332 2560 482 2640 ampullis?
501 2563 531 2618 in
544 2561 723 2640 monampulo
741 2581 799 2620 non
818 2561 916 2619 dubito
930 2561 1018 2619 fuisse
1031 2561 1164 2639 chrisma,
1189 2579 1248 2638 quo

148 2650 198 2728 qui
207 2647 363 2707 sacerdotio
373 2647 517 2706 initiantur
525 2647 708 2724 inunguntur,
719 2645 749 2704 in
760 2645 921 2723 dibampulo
937 2652 1031 2704 autem
1043 2647 1129 2705 fuisse
1137 2665 1247 2706 sacrum

149 2735 241 2794 oleum
250 2739 280 2792 et
289 2732 417 2809 chrisma,
428 2738 462 2790 ut
471 2733 623 2810 imperator
634 2731 772 2790 unctionis
782 2751 848 2788 snae
857 2737 916 2790 tam
925 2732 955 2790 in
970 2731 1108 2808 baptismo
1122 2751 1206 2809 quam
1216 2733 1247 2790 in

147 2817 327 2960 imperatorxiip
339 2817 675 2960 ἱπιυςιιιιιὶοιιεᾶειιιριι
687 2835 794 2915 memor
803 2822 886 2875 esset
906 2818 950 2875 his
965 2818 1038 2876 forte
1055 2815 1247 2918 lucemudabit,

147 2909 261 3048 {tle-t
269 2906 506 3062 {annm
514 2900 847 3064 pmnpffi
859 2903 1247 3062 bitinniam

148 3073 250 3147 oleum,
271 3069 310 3129 ad
323 3069 518 3128 cmeohnmcnor
529 3071 692 3146 inungendos
708 3071 751 3130 cel
762 3073 887 3150 infirmos.
909 3071 1036 3130 fecerunt
1051 3090 1118 3150 ergo
1133 3072 1246 3151 Graeci,

148 3165 181 3216 ut
199 3157 255 3218 alia
273 3153 377 3230 uda,
397 3153 437 3212 sic
462 3159 491 3212 et
511 3156 643 3234 ampullae
662 3174 857 3214 nomensuum
877 3157 905 3213 in
919 3159 1081 3236 mnmmpnlo
1091 3163 1120 3216 et
1140 3157 1245 3216 ditum

142 3242 225 3322 pulo,
246 3238 474 3317 reugeminatol
486 3235 703 3319 ddumpull05'a
726 3259 783 3318 quo
806 3241 963 3300 venetiam
981 3241 1147 3302 Gennanica
1159 3242 1246 3322 crnpcl

147 3326 228 3404 quasi
244 3325 364 3404 ampulla
380 3324 533 3384 descendit
554 3330 585 3383 et
602 3326 675 3384 hanc
689 3326 857 3387 sententiam
871 3345 924 3404 ego
946 3346 1019 3405 prae¹
1032 3328 1093 3387 aliie
1107 3327 1197 3408 probo
1212 3333 1246 3388 et

146 3411 316 3491 amplector,
332 3409 398 3469 licet
420 3409 570 3469 Balsamou
588 3409 618 3470 in
635 3409 736 3470 melete
757 3430 807 3470 seu
832 3412 1028 3472 exercitatione
1046 3432 1098 3473 sua
1119 3413 1186 3471 nihil
1205 3411 1244 3471 de

148 3495 299 3575 dibunpolo
320 3496 481 3574 imperatori
500 3513 519 3554 a
539 3494 712 3575 lampadario
733 3497 865 3575 praeferri
888 3497 990 3575 solito,
1010 3500 1062 3559 sed
1081 3505 1191 3556 tantum
1205 3497 1244 3558 de
1303 3524 1307 3532 ·

145 3581 277 3660 lampade
288 3581 401 3640 scribat.
421 3599 473 3640 nee
487 3599 646 3659 quenquam
660 3582 757 3640 turbet
769 3581 838 3640 illud
849 3583 880 3660 βε
902 3583 955 3640 etsi
973 3583 1046 3642 enirn
1069 3583 1130 3642 sola
1145 3582 1244 3643 vocula

147 3667 179 3730 di
196 3664 336 3746 duplicat,
355 3671 388 3723 ut
403 3665 539 3742 idatius,
558 3665 603 3726 hic
616 3672 710 3729 tamen
730 3666 767 3727 ob
784 3666 907 3728 vocalem
919 3671 1117 3751 sequentempl
1136 3669 1243 3727 interii-

122 3827 125 3836 ,
145 3753 235 3830 citur,
253 3749 408 3830 euphoniae
421 3770 512 3810 causa

151 3920 153 3926 ,
216 3863 346 3946 Graccum
371 3863 630 3950 prouerbirmulubat
652 3864 703 3917 hnc
731 3879 877 3949 arcannm
902 3859 975 3920 ὅπου
998 3861 1097 3920 nollol
1119 3861 1245 3920 namurci

146 3925 552 4056 intonantia
581 3927 908 4056 nitidante
924 3935 1245 4058 marinoni

146 4087 179 4152 ex
195 4040 260 4124 lhcic
277 4086 353 4122 canan
370 4076 471 4126 mount.
506 4019 616 4156 prldlbpa
630 4020 800 4125 ediuqnodie
817 4071 953 4142 proverbia
969 4071 1068 4126 dicunt:
1089 4042 1247 4142 turpi-icor

144 4139 660 4262 itlhll⁰hltnt¹⁰⁰.l.ltl.t
676 4141 1020 4280 lltl‘ttlthia‘t
1038 4141 1246 4266 titali}

143 4273 272 4342 coraibus,
291 4292 365 4346 quem
381 4245 523 4346 amplectar
535 4292 585 4329 uon
603 4276 694 4331 videor
717 4227 812 4330 coicior
825 4275 912 4349 itaqua
928 4294 1009 4330 meum
1025 4277 1050 4331 in
1068 4277 1178 4332 modium
1195 4279 1248 4334 ad·

143 4339 232 4398 ducam
253 4359 286 4398 ax
307 4344 474 4412 Balcamone,
497 4343 627 4400 Meditata
648 4345 683 4402 dc
704 4347 906 4419 patrimmmum
929 4345 1078 4418 privilegia
1112 4348 1198 4402 lunen
1216 4352 1248 4404 et
