2822 4684
167 269 243 344 202
327 269 538 345 GRETSERI
551 271 606 338 ET
621 267 752 338 Gosns
763 265 1101 336 COMMENTARIUS

167 431 326 556 epngudcrlsc
348 435 393 506 qui
409 433 476 490 enim
493 435 560 502 cllo,
587 449 682 506 prave,
701 431 747 505 ciui
764 431 877 500 λεεῶοι,
894 429 985 489 scribit
1001 444 1105 504 quoque
1119 429 1215 486 metius
1237 434 1268 486 et

165 511 213 558 nm
231 521 308 643 ιμηῗ11
327 589 354 628 ν.
375 575 416 628 17.
439 567 520 627 dicul
538 573 594 624 τῶν
609 566 800 640 άναμνὴσεων]
817 569 1002 636 memorialem,
1019 585 1094 640 quem
1105 568 1266 690 magistrum

164 643 303 698 menwriue
319 646 398 695 vocat
413 641 516 712 imperii
531 641 647 707 Neritia,
664 645 738 710 putat
748 639 877 693 Meumiua
886 639 1040 704 institutum,
1063 644 1092 691 ut
1104 639 1148 691 lau
1166 637 1265 691 ationes

164 726 252 764 eorum
268 713 312 780 qui
332 710 439 763 militiae
455 716 501 763 aut
517 709 577 762 alibi
594 709 695 764 fortiter
710 725 738 762 se
756 709 897 777 gessissent
912 707 1061 778 imperatori
1070 713 1222 776 suggereret
1232 723 1266 760 ac

164 779 285 850 praemiis
303 779 505 832 cohonestandos
521 778 684 839 admonerem
704 779 851 847 clarumque
860 777 1010 844 istiusmodi
1025 777 1104 831 officii
1121 793 1151 830 se
1170 793 1265 845 reppe-

165 849 232 902 risse
250 849 346 916 gaudet
366 853 550 902 monumentum
567 855 621 900 tum
641 847 708 916 apud
730 853 858 900 auctorem
874 863 898 899 c.
920 845 952 911 5,
970 851 1023 898 tum
1039 846 1109 916 apud
1130 845 1264 914 Agathiam

164 915 183 969 l.
199 916 233 983 4,
250 917 289 970 his
306 917 410 970 verbius
429 909 460 970 ίκ
479 911 609 989 βασιλέως
620 917 659 982 τῷ
670 911 818 984 Ῥουστίκφ
834 909 904 982 ἔχων
920 907 1070 983 ἐπίταγμα,
1097 909 1140 982 ἐφ’
1157 903 1180 985 pi
1199 911 1263 967 inot-

163 982 217 1039 στῶ
241 1004 271 1040 τε
298 982 333 1040 τά
351 982 505 1054 ποιούμενα
521 982 562 1048 είς
578 981 610 1040 τὰ
627 981 741 1056 ἀκριβὲς
758 983 925 1052 διαμέλλειν
941 981 990 1037 καλ
1004 980 1037 1036 τῶ
1055 984 1111 1036 τῶν
1130 999 1263 1050 στρατιω-

162 1055 220 1108 τῶν
239 1049 304 1116 τούς
323 1050 518 1122 ἀριστεύοντας
534 1057 593 1116 τοῖς
613 1054 792 1125 βασιλείοιςύ
816 1071 874 1119 ροις
890 1055 1134 1121 φιλοφρονεῖσθαι.
1167 1056 1195 1104 at
1211 1067 1264 1104 nou

162 1123 264 1178 unicum
287 1125 335 1176 hoc
361 1132 402 1178 est
422 1123 575 1178 memorialia
595 1137 698 1187 munus,
720 1123 765 1193 qui
787 1121 820 1174 de
842 1123 957 1174 omnibus
983 1121 1016 1174 ad
1037 1121 1216 1191 rempublicam
1234 1127 1264 1172 et

162 1193 302 1263 principem
320 1193 508 1263 spectantibus,
533 1192 566 1245 dc
581 1193 683 1262 publico
703 1191 770 1244 bonu
788 1190 955 1258 adaugendo,
982 1191 1141 1244 removendis
1164 1190 1263 1242 iucom-

163 1262 263 1328 modis,
288 1262 422 1334 puniendis
437 1261 575 1314 sceleribus
592 1278 674 1330 aeque
692 1279 722 1313 ac
738 1260 834 1314 virtute
853 1277 906 1312 eom
926 1258 1038 1312 ensanda
1054 1259 1136 1330 ipsum
1152 1275 1262 1312 commo-

162 1347 226 1382 nere
244 1348 276 1384 ae
295 1347 453 1384 commovere
476 1347 552 1384 susce
568 1332 597 1384 ie
632 1347 682 1384 nou
705 1329 886 1398 repudiandum
908 1277 968 1380 huic
987 1328 1130 1382 sententiae
1146 1329 1262 1380 testimo-

162 1399 231 1454 nium
248 1400 341 1470 promit
361 1399 492 1453 cedrenus
508 1399 535 1452 in
551 1349 666 1462 instinc,
693 1398 738 1450 ubi
756 1400 903 1466 praefectus
921 1396 991 1449 urbis
1008 1397 1134 1466 loquitur:
1158 1413 1207 1465 cop
1225 1414 1264 1448 ω-

164 1469 247 1534 ρείτω
269 1486 302 1536 με
322 1462 340 1536 ἡ
360 1467 483 1539 βασιλεία
501 1484 552 1520 σον
570 1464 742 1536 είσέρχεοθαι
760 1463 830 1532 πρός
844 1483 874 1520 σε
900 1461 1047 1528 ἀκωλύτως
1064 1461 1168 1520 τούτῶ
1210 1461 1262 1534 νή·

163 1553 250 1592 κοντα
267 1535 484 1607 ὑπομιμνήσκειν
499 1532 532 1590 τὸ
547 1533 650 1598 κράτος
664 1553 732 1603 oco,
752 1535 801 1590 καὶ
820 1535 923 1606 βεβαιῶ
941 1529 1010 1603 μετά
1026 1531 1178 1602 τριάκοντα
1195 1530 1262 1603 ἡμε-

164 1606 222 1671 ρῶν
240 1601 278 1674 μὴ
298 1603 474 1674 εὑρίσκεσθαι
487 1601 538 1659 τὸν
557 1602 710 1658 άδικούντα
728 1595 750 1673 ἦ
766 1600 968 1674 ἀδικούμενον·
985 1600 1013 1657 εί
1029 1599 1062 1656 de'
1080 1621 1121 1666 τις
1136 1600 1264 1672 ύπομνή-

163 1689 206 1728 σει
222 1675 288 1740 περί
302 1693 378 1738 τινος
391 1670 553 1738 ὑποθέσεως
570 1664 604 1746 ἧς
624 1669 732 1748 ἥκουσα
749 1665 803 1744 ἐρῶ
817 1670 867 1732 καὶ
884 1667 937 1732 oin
961 1667 1121 1746 ίξεῶίκησα,
1146 1675 1262 1742 κεφαλι·

164 1743 220 1806 κῶς
236 1741 474 1814 τιμωρηθήσομαι.

233 1831 269 1886 id.
288 1848 315 1886 v.
334 1834 375 1886 18.
413 1825 607 1900 ὄὸομέοτικος
622 1831 679 1885 τῶν
702 1823 826 1900 τειχέων]
847 1844 923 1897 reges
951 1828 1067 1884 eonsules
1093 1830 1264 1900 imperatores

161 1899 241 1954 muris
259 1897 335 1952 urbes
352 1899 462 1953 cinxisse
479 1917 529 1954 non
544 1902 717 1970 infrequenter
730 1899 851 1968 legimus;
869 1899 993 1953 bellorum
1012 1899 1090 1952 duces
1112 1899 1189 1952 etiam
1211 1899 1264 1952 hoc

160 1985 227 2022 onus
246 1969 413 2036 resumpsisse
431 1969 549 2022 Balisarii
564 1969 733 2039 Narsetisquc
751 1985 794 2022 res
807 1973 895 2036 gestae
906 1967 1012 2022 docent:
1032 1967 1193 2021 treusiithoc
1203 1977 1262 2021 stu·

160 2036 227 2090 dium
247 2037 280 2090 ad
302 2038 373 2108 ipsos
391 2038 490 2092 urbium
505 2039 626 2110 populos,
645 2056 677 2091 ac
695 2039 794 2092 demum
808 2036 890 2106 plebis
908 2038 1040 2107 expensis,
1059 2053 1126 2091 noro
1145 2036 1263 2090 aLeoue

159 2105 249 2160 isauro
268 2106 387 2176 imposito
400 2107 513 2172 tributo,
538 2125 662 2177 nusquam
679 2113 763 2160 tumen
777 2107 897 2176 deinceps
915 2105 1058 2170 exstisrcto,
1086 2107 1161 2159 fuere
1184 2105 1262 2175 cpoli

158 2175 290 2296 peperisti.⁸
319 2176 492 2299 'iheophopps
508 2171 607 2298 iffu'
626 2171 903 2296 'nitmfm’ssidfhf‘g
920 2169 1075 2296 {amede
1095 2170 1262 2297 “gv‘'{hpffi'

158 2261 291 2384 offici
310 2261 361 2366 tt
377 2245 958 2382 111.λθλλλῑλλλιλλλ..
992 2259 1262 2380 nifhhi‘hliff

159 2377 294 2448 ετάξαμεν
309 2386 369 2444 τοῖς
386 2381 556 2450 διοικηταῖς,
580 2381 627 2437 κοιλ
653 2378 819 2436 ἀπαιτοῦσιν
839 2377 881 2442 είς
895 2376 946 2434 τὸν
967 2378 1076 2436 κανόνα
1094 2379 1263 2450 ὃλοκοτίνιν,

158 2451 318 2518 μιλιαρίσιν.
354 2449 402 2504 καὶ
421 2447 555 2522 λαμβάνει
575 2446 645 2505 αύτὸ
666 2447 686 2520 ἡ
709 2449 845 2522 βασιλεία,
868 2449 917 2502 καλ
935 2447 1018 2514 κτίζει
1036 2445 1072 2504 τά
1095 2449 1180 2519 τείχη.
1215 2445 1261 2504 ἐν·

157 2519 260 2572 causeo
276 2507 328 2572 ούν
346 2515 531 2590 ἐπεκράτησεν
543 2515 567 2594 ἡ
586 2517 725 2590 συνήθεια
743 2517 831 2574 diduco
852 2514 889 2571 τά
912 2515 1045 2586 δικέρωτα
1070 2521 1129 2580 τοῖς
1151 2519 1259 2589 διοικη-

156 2589 228 2650 ταῖς.
263 2605 295 2642 ao
309 2588 368 2643 inde
384 2589 492 2642 forsitan
509 2591 636 2643 emanavit
650 2590 750 2661 pariter
764 2593 793 2641 ut
809 2603 935 2642 murorum
952 2590 1097 2658 praefectus
1109 2588 1259 2642 instituere-

156 2664 215 2710 ture
233 2661 295 2711 tunc
308 2657 374 2712 enim
393 2659 499 2729 primum
520 2659 645 2727 occurrit,
663 2660 690 2712 iu
706 2658 881 2726 Theophane,
897 2655 1005 2710 Nicetes
1019 2658 1121 2728 quidam
1139 2660 1259 2712 Anthrax

157 2719 254 2795 ῶρχων
268 2729 320 2781 τοῦ
334 2727 456 2797 τείχους,
474 2728 533 2798 qui,
551 2735 626 2782 ntea
641 2729 715 2783 dictis
727 2728 760 2782 de
770 2726 906 2782 domestico
923 2731 1011 2800 potet,
1032 2723 1186 2783 domesticus
1199 2743 1258 2781 mu·
1343 2795 1347 2802 Ι

157 2811 246 2849 rorum
263 2814 314 2850 uon
328 2797 415 2868 inepte
431 2804 519 2868 potest
535 2798 623 2854 scribi.

225 2881 262 2934 ib.
279 2897 306 2936 u.
328 2883 370 2936 19.
398 2879 652 2951 ὄπροκαθήμενος
669 2879 722 2936 τού
737 2881 879 2952 κοιτῶνος]
907 2881 1059 3002 praecipuus
1086 2881 1257 2936 cubiculario-

156 2965 214 3002 rum
234 2966 264 3000 ac
281 2950 349 3002 socri
363 2951 474 3005 cubiculi
490 2954 651 3020 praefectus,
681 2951 752 3005 cuius
770 2967 854 3004 curam
873 2955 900 3003 et
915 2957 987 3004 custo
1005 2951 1055 3003 iam
1075 2967 1257 3020 παρακοιμω-

155 3014 231 3102 μένῳ
242 3017 388 3087 suppositus
399 3021 571 3074 demandatam
588 3022 675 3073 habet.
708 3020 746 3086 ita
763 3026 851 3072 auctor
868 3020 924 3090 ipse
938 3021 1007 3075 inira
1025 3039 1047 3072 ο.
1067 3019 1093 3074 5.
1110 3019 1202 3074 lectum
1214 3028 1256 3074 ei-

155 3103 208 3140 iam
223 3102 309 3139 somno
329 3088 453 3157 capiendo
468 3105 500 3140 ac
516 3089 664 3160 imperatori
677 3098 753 3143 noctu
768 3089 933 3142 custodiendo
952 3089 979 3142 iu
993 3105 1066 3141 sucro
1077 3089 1193 3144 cubiculo
1205 3091 1256 3143 he-

156 3155 245 3208 buisse
260 3163 361 3210 constat
377 3175 410 3209 ex
425 3157 513 3210 Leone
523 3158 696 3212 Grammatico
708 3158 733 3210 in
748 3157 874 3211 Michaele
884 3158 1022 3229 Theophili
1036 3157 1105 3212 filio:
1121 3154 1256 3226 Ἰγνάτιος

155 3219 190 3276 δὲ
208 3223 368 3294 κοιτωνίτης
384 3221 516 3280 άπελθῶν
532 3229 584 3280 τού
600 3229 705 3281 κλεῖσαι
748 3221 774 3280 ’ν
790 3225 885 3292 θύραν
901 3228 953 3280 τού
968 3229 1101 3289 κοιτῶνος
1115 3219 1178 3293 ehoe
1197 3228 1256 3282 διε-

155 3291 345 3363 οτραμμένην,
358 3291 406 3348 καί
422 3290 564 3364 άπομνοῶς
581 3243 790 3364 increscentiam
805 3297 856 3365 τῆς
879 3295 987 3364 κλίνης,
1010 3314 1027 3348 τ
1037 3299 1109 3350 λλων
1124 3296 1176 3358 τάς
1197 3296 1256 3365 τρί-

154 3380 208 3431 χας
226 3357 322 3418 αύτοῶ.
356 3363 408 3416 τού
427 3360 459 3417 dl
472 3359 715 3486 perstiterimus
730 3361 848 3437 θανάτῳ
865 3361 1061 3434 παραπλήσιον
1079 3361 1255 3435 κοιμωμένου

154 3427 273 3498 ῶθρόως
291 3425 385 3486 itudo
402 3433 473 3486 Βαοί
488 3452 543 3496 ειος
555 3429 624 3504 μετά
650 3433 699 3488 καὶ
726 3427 827 3500 ἑτέρων
849 3428 900 3496 τάς
924 3430 1016 3502 θύρας
1039 3430 1169 3504 άνὲμξεν.
1204 3431 1267 3488 κοιλ.

154 3495 279 3571 ἔμφοβος
296 3495 417 3566 ε’ξελθῶν
428 3497 562 3570 Ἰγνάτιος
580 3499 746 3558 ῶντὲπιπτεν
766 3502 897 3572 Βαοιλείῳ
913 3498 951 3571 μὴ
962 3500 1109 3557 εἰσελθεῖν.
1144 3506 1255 3556 curabat

152 3568 196 3621 hic
212 3569 371 3640 imperatoris
390 3571 503 3624 defuncti
519 3590 620 3642 corpus.
654 3573 719 3626 idem
738 3571 792 3625 Leo
810 3573 885 3644 paulo
897 3572 979 3626 infra:
999 3567 1138 3627 deieceris
1151 3567 1182 3625 oi
1196 3575 1256 3625 Βα-

152 3639 251 3702 σίλειος
264 3636 312 3693 καλ
329 3640 444 3695 Παῦλον
462 3642 625 3710 κοιτωνίτην
644 3643 695 3695 τοῶ
713 3635 881 3708 ἐνταφιάσαι
901 3635 952 3694 τὸν
974 3639 1099 3710 θῶχαήλ,
1134 3641 1253 3696 Callicri-

152 3709 232 3763 uitem
250 3708 471 3778 προκαθήμενον
489 3712 540 3764 τού
556 3712 689 3773 κοιτῶνος
705 3717 829 3764 memorat
849 3711 1042 3764 Cantacuzenus
1060 3715 1075 3766 1
1095 3712 1137 3767 19.

221 3795 257 3846 ib.
275 3813 302 3847 r·
318 3796 361 3848 20.
380 3788 625 3882 ὃπροκαθύμενος
644 3795 697 3850 τού
715 3793 882 3868 βεστιαρίοο]
905 3797 937 3850 de
954 3797 1077 3850 vestiario
1089 3797 1251 3866 Hesychius:

151 3859 310 3936 βεστιάριον
324 3858 410 3924 τύπος
426 3858 456 3918 ἐν
474 3853 497 3935 ᾧ
514 3883 550 3918 τοι
567 3861 695 3934 χρήματα
712 3863 841 3918 τίθενται
859 3863 908 3920 καλ
921 3861 957 3919 τά
971 3862 1067 3932 ἱμάτια
1080 3867 1132 3919 τού
1143 3867 1252 3920 κοινοῦ.

151 3941 181 3984 ut
199 3939 287 3986 vestes
305 3938 436 3997 asservat,
453 3938 562 3986 vocatur
577 3934 637 3986 alibi
654 3936 687 3986 ab
707 3939 813 3987 auctore
828 3929 861 3987 τὸ
877 3928 955 3996 ἐντὸς
972 3929 1187 4002 άλλαξιμάριον,
1205 3953 1253 4003 pe-

149 4003 253 4056 netrale
269 4003 380 4054 uestibus
396 4004 532 4056 mutandis
549 4002 711 4072 dispositum,
732 4003 806 4071 quasi
821 4003 892 4058 dicus
912 4005 1095 4058 mutatorium:
1111 4009 1140 4057 ut
1156 4004 1251 4058 aerarii

149 4085 254 4124 munere
272 4070 431 4139 defungitur,
454 4089 471 4123 a
488 4072 582 4124 Niceta
599 4073 617 4126 l.
633 4073 652 4126 ³
666 4073 749 4126 slusii
767 4073 890 4126 Cemueni
905 4069 937 4126 τύ
954 4069 1005 4125 ἔσω
1022 4077 1147 4140 ταμιεῖον
1164 4077 1250 4128 inter-

149 4155 213 4191 num
230 4141 370 4194 cerarium.
403 4140 504 4194 Latinio
522 4141 588 4193 idem
607 4146 724 4211 praestat
741 4141 888 4196 vestiarium
914 4161 946 4195 ex
962 4141 1163 4196 bibliothecariis
1180 4143 1251 4196 Gui-

150 4207 234 4262 lielmo
256 4216 283 4261 et
299 4209 450 4274 Anastasio,
470 4209 514 4262 illo
537 4208 639 4278 quidem
658 4212 685 4264 iu
702 4211 832 4283 Stephano
854 4213 871 4266 6
892 4211 1035 4266 scribenteo
1065 4213 1130 4280 qnid
1154 4215 1251 4266 mirum

150 4277 174 4327 ri
197 4279 379 4334 ostiariorum
403 4295 488 4350 gneus
509 4279 627 4350 reperit?
663 4281 712 4336 hoc
734 4287 819 4336 eutem
842 4280 870 4335 iu
893 4279 1032 4336 Severiouc
1061 4281 1253 4352 sigillaverunt
