<?xml version="1.0" encoding="UTF-8"?>
<!DOCTYPE html PUBLIC "-//W3C//DTD XHTML 1.0 Transitional//EN"
    "http://www.w3.org/TR/xhtml1/DTD/xhtml1-transitional.dtd">
<html xmlns="http://www.w3.org/1999/xhtml" xml:lang="en" lang="en">
 <head>
  <title>
</title>
<meta http-equiv="Content-Type" content="text/html;charset=utf-8" />
  <meta name='ocr-system' content='tesseract 3.04.00' />
  <meta name='ocr-capabilities' content='ocr_page ocr_carea ocr_par ocr_line ocrx_word'/>
</head>
<body>
  <div class='ocr_page' id='page_1' title='image "./deofficialibusp00bekkgoog/deofficialibusp00bekkgoog_0319.png"; bbox 0 0 2798 4690; ppageno 0'>
   <div class='ocr_carea' id='block_1_1' title="bbox 494 280 1247 358">
    <p class='ocr_par' dir='ltr' id='par_1_1' title="bbox 494 280 1247 358">
     <span class='ocr_line' id='line_1_1' title="bbox 494 280 1247 358; baseline 0.011 -8"><span class='ocrx_word' id='word_1_1' title='bbox 494 280 909 354; x_wconf 71' lang='lat' dir='ltr'><strong><em>inmemorem</em></strong></span> <span class='ocrx_word' id='word_1_2' title='bbox 1174 286 1247 358; x_wconf 76' lang='grc'><strong><em>303</em></strong></span> 
     </span>
    </p>
   </div>
   <div class='ocr_carea' id='block_1_2' title="bbox 49 448 1248 726">
    <p class='ocr_par' dir='ltr' id='par_1_2' title="bbox 49 448 1248 726">
     <span class='ocr_line' id='line_1_2' title="bbox 140 448 1248 532; baseline 0 -20"><span class='ocrx_word' id='word_1_3' title='bbox 140 452 205 526; x_wconf 79' lang='lat' dir='ltr'><strong><em>aar,</em></strong></span> <span class='ocrx_word' id='word_1_4' title='bbox 225 448 500 512; x_wconf 59' lang='lat' dir='ltr'><strong><em>amnadnn’oero</em></strong></span> <span class='ocrx_word' id='word_1_5' title='bbox 513 465 572 511; x_wconf 76' lang='lat' dir='ltr'><strong><em>cnm</em></strong></span> <span class='ocrx_word' id='word_1_6' title='bbox 589 449 645 513; x_wconf 75' lang='lat' dir='ltr'><strong><em>init</em></strong></span> <span class='ocrx_word' id='word_1_7' title='bbox 658 452 816 529; x_wconf 61' lang='lat' dir='ltr'><strong><em>basaa,</em></strong></span> <span class='ocrx_word' id='word_1_8' title='bbox 832 448 948 532; x_wconf 58' lang='lat' dir='ltr'><strong><em>*spineti</em></strong></span> <span class='ocrx_word' id='word_1_9' title='bbox 958 453 1041 512; x_wconf 74' lang='lat' dir='ltr'><strong><em>atium</em></strong></span> <span class='ocrx_word' id='word_1_10' title='bbox 1061 449 1190 528; x_wconf 72' lang='lat' dir='ltr'><strong><em>Rogana</em></strong></span> <span class='ocrx_word' id='word_1_11' title='bbox 1210 452 1248 512; x_wconf 87' lang='lat' dir='ltr'><strong><em>od</em></strong></span> 
     </span>
     <span class='ocr_line' id='line_1_3' title="bbox 140 532 1246 618; baseline 0.002 -21"><span class='ocrx_word' id='word_1_12' title='bbox 140 539 280 614; x_wconf 79' lang='lat' dir='ltr'><strong><em>Augustae</em></strong></span> <span class='ocrx_word' id='word_1_13' title='bbox 296 536 416 600; x_wconf 76' lang='lat' dir='ltr'><strong><em>nonan</em></strong></span> <span class='ocrx_word' id='word_1_14' title='bbox 433 540 532 596; x_wconf 75' lang='lat' dir='ltr'><strong><em>wacta.</em></strong></span> <span class='ocrx_word' id='word_1_15' title='bbox 574 532 635 596; x_wconf 77' lang='lat' dir='ltr'><strong><em>lios</em></strong></span> <span class='ocrx_word' id='word_1_16' title='bbox 652 535 796 594; x_wconf 74' lang='lat' dir='ltr'><strong><em>istoscine</em></strong></span> <span class='ocrx_word' id='word_1_17' title='bbox 813 541 872 596; x_wconf 83' lang='lat' dir='ltr'><strong><em>erut</em></strong></span> <span class='ocrx_word' id='word_1_18' title='bbox 893 537 1149 615; x_wconf 63' lang='lat' dir='ltr'><strong><em>porphyrogenitus,</em></strong></span> <span class='ocrx_word' id='word_1_19' title='bbox 1170 549 1246 618; x_wconf 70' lang='lat' dir='ltr'><strong><em>quern</em></strong></span> 
     </span>
     <span class='ocr_line' id='line_1_4' title="bbox 49 620 1048 726; baseline -0.001 -44"><span class='ocrx_word' id='word_1_20' title='bbox 49 655 54 662; x_wconf 91' lang='lat'><em>-</em></span> <span class='ocrx_word' id='word_1_21' title='bbox 140 625 232 682; x_wconf 80' lang='lat' dir='ltr'><strong><em>stetim</em></strong></span> <span class='ocrx_word' id='word_1_22' title='bbox 247 625 328 684; x_wconf 83' lang='lat' dir='ltr'><strong><em>etium</em></strong></span> <span class='ocrx_word' id='word_1_23' title='bbox 341 627 404 684; x_wconf 80' lang='lat' dir='ltr'><strong><em>onte</em></strong></span> <span class='ocrx_word' id='word_1_24' title='bbox 416 620 482 682; x_wconf 83' lang='lat' dir='ltr'><strong><em>ulios</em></strong></span> <span class='ocrx_word' id='word_1_25' title='bbox 495 623 674 700; x_wconf 70' lang='lat' dir='ltr'><strong><em>imperatorias</em></strong></span> <span class='ocrx_word' id='word_1_26' title='bbox 687 622 839 696; x_wconf 69' lang='lat' dir='ltr'><strong><em>insignibus</em></strong></span> <span class='ocrx_word' id='word_1_27' title='bbox 853 627 999 688; x_wconf 71' lang='lat' dir='ltr'><strong><em>mananti.</em></strong></span> <span class='ocrx_word' id='word_1_28' title='bbox 1044 713 1048 726; x_wconf 86' lang='lat'><strong><em>.</em></strong></span> 
     </span>
    </p>
   </div>
   <div class='ocr_carea' id='block_1_3' title="bbox 567 879 783 894">
    <p class='ocr_par' dir='ltr' id='par_1_3' title="bbox 567 879 783 894">
     <span class='ocr_line' id='line_1_5' title="bbox 567 879 783 894; baseline 0 -1"><span class='ocrx_word' id='word_1_29' title='bbox 567 889 568 893; x_wconf 38' lang='grc' dir='ltr'>η</span> <span class='ocrx_word' id='word_1_30' title='bbox 579 879 783 894; x_wconf 59' lang='lat' dir='ltr'><em>m</em></span> 
     </span>
    </p>
   </div>
   <div class='ocr_carea' id='block_1_4' title="bbox 464 1081 911 1216">
    <p class='ocr_par' dir='ltr' id='par_1_4' title="bbox 464 1081 911 1216">
     <span class='ocr_line' id='line_1_6' title="bbox 464 1081 911 1216; baseline -0.007 -1"><span class='ocrx_word' id='word_1_31' title='bbox 464 1081 911 1216; x_wconf 76' lang='lat' dir='ltr'><strong><em>canuurn</em></strong></span> 
     </span>
    </p>
   </div>
   <div class='ocr_carea' id='block_1_5' title="bbox 56 1320 1312 3328">
    <p class='ocr_par' dir='ltr' id='par_1_5' title="bbox 56 1320 1312 3328">
     <span class='ocr_line' id='line_1_7' title="bbox 206 1320 1244 1518; baseline -0.008 -82"><span class='ocrx_word' id='word_1_32' title='bbox 206 1368 350 1518; x_wconf 75' lang='lat' dir='ltr'><strong><em>up61iv.</em></strong></span> <span class='ocrx_word' id='word_1_33' title='bbox 368 1369 415 1434; x_wconf 84' lang='lat'><strong><em>19.</em></strong></span> <span class='ocrx_word' id='word_1_34' title='bbox 438 1320 574 1434; x_wconf 79' lang='lat' dir='ltr'><strong><em>Festum</em></strong></span> <span class='ocrx_word' id='word_1_35' title='bbox 587 1372 770 1456; x_wconf 72' lang='lat' dir='ltr'>epiphaniae,</span> <span class='ocrx_word' id='word_1_36' title='bbox 791 1371 911 1434; x_wconf 78' lang='lat' dir='ltr'><strong><em>horest</em></strong></span> <span class='ocrx_word' id='word_1_37' title='bbox 931 1371 1121 1454; x_wconf 72' lang='lat' dir='ltr'><strong><em>apparitionis,</em></strong></span> <span class='ocrx_word' id='word_1_38' title='bbox 1143 1367 1244 1428; x_wconf 88' lang='lat' dir='ltr'><strong><em>dicitur</em></strong></span> 
     </span>
     <span class='ocr_line' id='line_1_8' title="bbox 139 1455 1243 1546; baseline 0.005 -30"><span class='ocrx_word' id='word_1_39' title='bbox 139 1457 216 1536; x_wconf 86' lang='lat' dir='ltr'><strong><em>sing</em></strong></span> <span class='ocrx_word' id='word_1_40' title='bbox 235 1460 275 1516; x_wconf 89' lang='lat' dir='ltr'><strong><em>ari</em></strong></span> <span class='ocrx_word' id='word_1_41' title='bbox 291 1477 409 1520; x_wconf 90' lang='lat' dir='ltr'><strong><em>numero</em></strong></span> <span class='ocrx_word' id='word_1_42' title='bbox 425 1463 447 1544; x_wconf 73' lang='grc' dir='ltr'><em>ἦ</em></span> <span class='ocrx_word' id='word_1_43' title='bbox 461 1456 640 1541; x_wconf 74' lang='grc' dir='ltr'><strong><em>ἐπιφάνεια,</em></strong></span> <span class='ocrx_word' id='word_1_44' title='bbox 664 1463 765 1546; x_wconf 83' lang='lat' dir='ltr'><strong><em>plurali</em></strong></span> <span class='ocrx_word' id='word_1_45' title='bbox 785 1482 903 1524; x_wconf 85' lang='lat' dir='ltr'><strong><em>numero</em></strong></span> <span class='ocrx_word' id='word_1_46' title='bbox 924 1469 954 1522; x_wconf 89' lang='lat' dir='ltr'><strong><em>et</em></strong></span> <span class='ocrx_word' id='word_1_47' title='bbox 975 1481 1078 1540; x_wconf 79' lang='lat' dir='ltr'><strong><em>genere</em></strong></span> <span class='ocrx_word' id='word_1_48' title='bbox 1091 1467 1191 1520; x_wconf 87' lang='lat' dir='ltr'><strong><em>neutro</em></strong></span> <span class='ocrx_word' id='word_1_49' title='bbox 1205 1455 1243 1522; x_wconf 79' lang='lat' dir='ltr'><strong><em>coi</em></strong></span> 
     </span>
     <span class='ocr_line' id='line_1_9' title="bbox 56 1539 1243 1626; baseline 0.002 -24"><span class='ocrx_word' id='word_1_50' title='bbox 56 1558 61 1566; x_wconf 90' lang='grc'><strong>’</strong></span> <span class='ocrx_word' id='word_1_51' title='bbox 140 1539 318 1622; x_wconf 76' lang='grc' dir='ltr'><strong><em>ἐπιφάνεια,</em></strong></span> <span class='ocrx_word' id='word_1_52' title='bbox 338 1545 406 1620; x_wconf 81' lang='lat' dir='ltr'><strong><em>quin</em></strong></span> <span class='ocrx_word' id='word_1_53' title='bbox 428 1556 458 1612; x_wconf 89' lang='lat' dir='ltr'><strong><em>et</em></strong></span> <span class='ocrx_word' id='word_1_54' title='bbox 473 1543 511 1610; x_wconf 77' lang='lat' dir='ltr'><strong><em>roi</em></strong></span> <span class='ocrx_word' id='word_1_55' title='bbox 529 1546 686 1626; x_wconf 74' lang='lat' dir='ltr'><strong><em>inepriata·</em></strong></span> <span class='ocrx_word' id='word_1_56' title='bbox 728 1549 883 1624; x_wconf 84' lang='lat' dir='ltr'><strong><em>aliquando</em></strong></span> <span class='ocrx_word' id='word_1_57' title='bbox 901 1545 938 1612; x_wconf 81' lang='lat' dir='ltr'><strong><em>roi</em></strong></span> <span class='ocrx_word' id='word_1_58' title='bbox 961 1543 1144 1624; x_wconf 69' lang='lat' dir='ltr'><strong><em>deopinabar,</em></strong></span> <span class='ocrx_word' id='word_1_59' title='bbox 1174 1545 1243 1621; x_wconf 88' lang='lat' dir='ltr'><strong><em>quia</em></strong></span> 
     </span>
     <span class='ocr_line' id='line_1_10' title="bbox 140 1629 1242 1711; baseline 0 -23"><span class='ocrx_word' id='word_1_60' title='bbox 140 1629 210 1688; x_wconf 90' lang='lat' dir='ltr'><strong><em>deus</em></strong></span> <span class='ocrx_word' id='word_1_61' title='bbox 225 1629 367 1709; x_wconf 75' lang='lat' dir='ltr'><strong><em>apparuit</em></strong></span> <span class='ocrx_word' id='word_1_62' title='bbox 409 1633 541 1694; x_wconf 78' lang='lat' dir='ltr'><strong><em>tribuitur</em></strong></span> <span class='ocrx_word' id='word_1_63' title='bbox 554 1633 608 1694; x_wconf 90' lang='lat' dir='ltr'><strong><em>boc</em></strong></span> <span class='ocrx_word' id='word_1_64' title='bbox 622 1653 725 1694; x_wconf 88' lang='lat' dir='ltr'><strong><em>nomen</em></strong></span> <span class='ocrx_word' id='word_1_65' title='bbox 743 1634 808 1694; x_wconf 89' lang='lat' dir='ltr'><strong><em>huic</em></strong></span> <span class='ocrx_word' id='word_1_66' title='bbox 826 1636 902 1708; x_wconf 76' lang='lat' dir='ltr'><strong><em>festo</em></strong></span> <span class='ocrx_word' id='word_1_67' title='bbox 922 1630 955 1711; x_wconf 94' lang='lat' dir='ltr'><strong><em>l)</em></strong></span> <span class='ocrx_word' id='word_1_68' title='bbox 976 1633 1043 1710; x_wconf 89' lang='lat' dir='ltr'><strong><em>quia</em></strong></span> <span class='ocrx_word' id='word_1_69' title='bbox 1063 1632 1192 1690; x_wconf 91' lang='lat' dir='ltr'><strong><em>dominus</em></strong></span> <span class='ocrx_word' id='word_1_70' title='bbox 1206 1649 1242 1689; x_wconf 90' lang='lat' dir='ltr'><strong><em>eo</em></strong></span> 
     </span>
     <span class='ocr_line' id='line_1_11' title="bbox 139 1713 1242 1800; baseline 0.004 -26"><span class='ocrx_word' id='word_1_71' title='bbox 139 1715 186 1774; x_wconf 91' lang='lat' dir='ltr'><strong><em>dic</em></strong></span> <span class='ocrx_word' id='word_1_72' title='bbox 199 1713 294 1790; x_wconf 88' lang='lat' dir='ltr'><strong><em>Magis</em></strong></span> <span class='ocrx_word' id='word_1_73' title='bbox 307 1731 339 1773; x_wconf 87' lang='lat' dir='ltr'><strong><em>se</em></strong></span> <span class='ocrx_word' id='word_1_74' title='bbox 353 1718 557 1795; x_wconf 80' lang='lat' dir='ltr'><strong><em>manifestavit,</em></strong></span> <span class='ocrx_word' id='word_1_75' title='bbox 575 1715 610 1798; x_wconf 80' lang='lat'><strong><em>2)</em></strong></span> <span class='ocrx_word' id='word_1_76' title='bbox 625 1719 692 1794; x_wconf 86' lang='lat' dir='ltr'><strong><em>qnia</em></strong></span> <span class='ocrx_word' id='word_1_77' title='bbox 711 1720 845 1800; x_wconf 87' lang='lat' dir='ltr'><strong><em>apparuit</em></strong></span> <span class='ocrx_word' id='word_1_78' title='bbox 866 1716 1039 1794; x_wconf 88' lang='lat' dir='ltr'><strong><em>bominibus,</em></strong></span> <span class='ocrx_word' id='word_1_79' title='bbox 1061 1719 1175 1794; x_wconf 87' lang='lat' dir='ltr'><strong><em>quando</em></strong></span> <span class='ocrx_word' id='word_1_80' title='bbox 1190 1716 1242 1778; x_wconf 84' lang='lat' dir='ltr'><strong><em>ba·</em></strong></span> 
     </span>
     <span class='ocr_line' id='line_1_12' title="bbox 89 1798 1242 1884; baseline -0.001 -26"><span class='ocrx_word' id='word_1_81' title='bbox 89 1835 94 1840; x_wconf 78' lang='lat'><strong><em>,</em></strong></span> <span class='ocrx_word' id='word_1_82' title='bbox 139 1798 274 1878; x_wconf 83' lang='lat' dir='ltr'><strong><em>ptismum</em></strong></span> <span class='ocrx_word' id='word_1_83' title='bbox 292 1817 326 1856; x_wconf 89' lang='lat' dir='ltr'><strong><em>eo</em></strong></span> <span class='ocrx_word' id='word_1_84' title='bbox 348 1799 395 1858; x_wconf 89' lang='lat' dir='ltr'><strong><em>die</em></strong></span> <span class='ocrx_word' id='word_1_85' title='bbox 414 1802 444 1862; x_wconf 90' lang='lat' dir='ltr'><strong><em>in</em></strong></span> <span class='ocrx_word' id='word_1_86' title='bbox 465 1801 587 1861; x_wconf 84' lang='lat' dir='ltr'><strong><em>Iordane</em></strong></span> <span class='ocrx_word' id='word_1_87' title='bbox 600 1821 618 1884; x_wconf 84' lang='lat' dir='ltr'><strong><em>a</em></strong></span> <span class='ocrx_word' id='word_1_88' title='bbox 630 1803 737 1862; x_wconf 82' lang='lat' dir='ltr'><strong>Ioanne</strong></span> <span class='ocrx_word' id='word_1_89' title='bbox 750 1804 892 1883; x_wconf 83' lang='lat' dir='ltr'><strong><em>suscepit,</em></strong></span> <span class='ocrx_word' id='word_1_90' title='bbox 912 1799 946 1880; x_wconf 77' lang='lat'><strong><em>3)</em></strong></span> <span class='ocrx_word' id='word_1_91' title='bbox 960 1805 1037 1877; x_wconf 90' lang='lat' dir='ltr'><strong><em>quod</em></strong></span> <span class='ocrx_word' id='word_1_92' title='bbox 1050 1821 1084 1862; x_wconf 90' lang='lat' dir='ltr'><strong><em>eu</em></strong></span> <span class='ocrx_word' id='word_1_93' title='bbox 1100 1803 1146 1860; x_wconf 91' lang='lat' dir='ltr'><strong><em>die</em></strong></span> <span class='ocrx_word' id='word_1_94' title='bbox 1159 1800 1242 1858; x_wconf 84' lang='lat' dir='ltr'><strong><em>Chri-</em></strong></span> 
     </span>
     <span class='ocr_line' id='line_1_13' title="bbox 140 1886 1242 1965; baseline 0 -23"><span class='ocrx_word' id='word_1_95' title='bbox 140 1889 202 1942; x_wconf 87' lang='lat' dir='ltr'><strong><em>stus</em></strong></span> <span class='ocrx_word' id='word_1_96' title='bbox 228 1888 340 1944; x_wconf 87' lang='lat' dir='ltr'><strong><em>mutata</em></strong></span> <span class='ocrx_word' id='word_1_97' title='bbox 369 1901 446 1962; x_wconf 89' lang='lat' dir='ltr'><strong><em>aqua</em></strong></span> <span class='ocrx_word' id='word_1_98' title='bbox 471 1887 500 1948; x_wconf 89' lang='lat' dir='ltr'><strong><em>in</em></strong></span> <span class='ocrx_word' id='word_1_99' title='bbox 528 1886 624 1948; x_wconf 86' lang='lat' dir='ltr'><strong><em>rinrnn</em></strong></span> <span class='ocrx_word' id='word_1_100' title='bbox 642 1888 801 1948; x_wconf 88' lang='lat' dir='ltr'><strong><em>hominibus</em></strong></span> <span class='ocrx_word' id='word_1_101' title='bbox 820 1907 852 1948; x_wconf 87' lang='lat' dir='ltr'><strong><em>se</em></strong></span> <span class='ocrx_word' id='word_1_102' title='bbox 876 1887 1065 1948; x_wconf 86' lang='lat' dir='ltr'><strong><em>manifestarit</em></strong></span> <span class='ocrx_word' id='word_1_103' title='bbox 1085 1886 1114 1945; x_wconf 90' lang='lat' dir='ltr'><strong><em>iu</em></strong></span> <span class='ocrx_word' id='word_1_104' title='bbox 1135 1886 1242 1965; x_wconf 85' lang='lat' dir='ltr'><strong><em>nuptiis</em></strong></span> 
     </span>
     <span class='ocr_line' id='line_1_14' title="bbox 140 1967 1243 2034; baseline -0.001 -6"><span class='ocrx_word' id='word_1_105' title='bbox 140 1967 240 2028; x_wconf 87' lang='lat' dir='ltr'><strong><em>Canae</em></strong></span> <span class='ocrx_word' id='word_1_106' title='bbox 259 1967 410 2030; x_wconf 84' lang='lat' dir='ltr'><strong><em>Galilaeae.</em></strong></span> <span class='ocrx_word' id='word_1_107' title='bbox 452 1969 558 2032; x_wconf 89' lang='lat' dir='ltr'><strong><em>Latina</em></strong></span> <span class='ocrx_word' id='word_1_108' title='bbox 577 1971 693 2032; x_wconf 84' lang='lat' dir='ltr'><strong><em>ecclesia</em></strong></span> <span class='ocrx_word' id='word_1_109' title='bbox 712 1993 809 2034; x_wconf 88' lang='lat' dir='ltr'><strong><em>omnes</em></strong></span> <span class='ocrx_word' id='word_1_110' title='bbox 830 1974 883 2034; x_wconf 85' lang='lat' dir='ltr'><strong><em>has</em></strong></span> <span class='ocrx_word' id='word_1_111' title='bbox 899 1992 998 2032; x_wconf 82' lang='lat' dir='ltr'><strong><em>causas</em></strong></span> <span class='ocrx_word' id='word_1_112' title='bbox 1013 1973 1096 2032; x_wconf 90' lang='lat' dir='ltr'><strong><em>buius</em></strong></span> <span class='ocrx_word' id='word_1_113' title='bbox 1121 1971 1176 2029; x_wconf 89' lang='lat' dir='ltr'><strong><em>diei</em></strong></span> <span class='ocrx_word' id='word_1_114' title='bbox 1196 1989 1243 2028; x_wconf 88' lang='lat' dir='ltr'><strong><em>se-</em></strong></span> 
     </span>
     <span class='ocr_line' id='line_1_15' title="bbox 140 2053 1244 2134; baseline 0.002 -22"><span class='ocrx_word' id='word_1_115' title='bbox 140 2055 254 2133; x_wconf 89' lang='lat' dir='ltr'><strong><em>quitur,</em></strong></span> <span class='ocrx_word' id='word_1_116' title='bbox 274 2060 308 2114; x_wconf 90' lang='lat' dir='ltr'><strong><em>ut</em></strong></span> <span class='ocrx_word' id='word_1_117' title='bbox 325 2060 408 2134; x_wconf 86' lang='lat' dir='ltr'><strong><em>patet</em></strong></span> <span class='ocrx_word' id='word_1_118' title='bbox 432 2074 467 2116; x_wconf 80' lang='lat' dir='ltr'><strong><em>ex</em></strong></span> <span class='ocrx_word' id='word_1_119' title='bbox 486 2057 630 2117; x_wconf 88' lang='lat' dir='ltr'><strong><em>Breviario</em></strong></span> <span class='ocrx_word' id='word_1_120' title='bbox 648 2057 788 2126; x_wconf 84' lang='lat' dir='ltr'><strong><em>Romano.</em></strong></span> <span class='ocrx_word' id='word_1_121' title='bbox 832 2059 934 2118; x_wconf 88' lang='lat' dir='ltr'><strong><em>Graeci</em></strong></span> <span class='ocrx_word' id='word_1_122' title='bbox 955 2059 1059 2116; x_wconf 85' lang='lat' dir='ltr'><strong><em>festum</em></strong></span> <span class='ocrx_word' id='word_1_123' title='bbox 1079 2057 1133 2116; x_wconf 87' lang='lat' dir='ltr'><strong><em>hoc</em></strong></span> <span class='ocrx_word' id='word_1_124' title='bbox 1147 2053 1244 2114; x_wconf 90' lang='lat' dir='ltr'><strong><em>colunt</em></strong></span> 
     </span>
     <span class='ocr_line' id='line_1_16' title="bbox 140 2137 1245 2224; baseline 0.004 -27"><span class='ocrx_word' id='word_1_125' title='bbox 140 2137 286 2220; x_wconf 82' lang='lat' dir='ltr'><strong><em>potissime</em></strong></span> <span class='ocrx_word' id='word_1_126' title='bbox 312 2139 349 2197; x_wconf 94' lang='lat' dir='ltr'><strong><em>ob</em></strong></span> <span class='ocrx_word' id='word_1_127' title='bbox 374 2143 527 2206; x_wconf 85' lang='lat' dir='ltr'><strong><em>secundam</em></strong></span> <span class='ocrx_word' id='word_1_128' title='bbox 552 2163 681 2205; x_wconf 78' lang='lat' dir='ltr'><strong><em>canuam:</em></strong></span> <span class='ocrx_word' id='word_1_129' title='bbox 714 2163 782 2210; x_wconf 88' lang='lat' dir='ltr'><strong><em>nam</em></strong></span> <span class='ocrx_word' id='word_1_130' title='bbox 800 2144 1004 2224; x_wconf 79' lang='lat' dir='ltr'><strong><em>apparitionem</em></strong></span> <span class='ocrx_word' id='word_1_131' title='bbox 1025 2141 1121 2220; x_wconf 88' lang='lat' dir='ltr'><strong><em>Magis</em></strong></span> <span class='ocrx_word' id='word_1_132' title='bbox 1140 2142 1245 2201; x_wconf 85' lang='lat' dir='ltr'><strong><em>iactam</em></strong></span> 
     </span>
     <span class='ocr_line' id='line_1_17' title="bbox 140 2223 1246 2310; baseline 0.013 -27"><span class='ocrx_word' id='word_1_133' title='bbox 140 2223 283 2284; x_wconf 88' lang='lat' dir='ltr'><strong><em>celebrant</em></strong></span> <span class='ocrx_word' id='word_1_134' title='bbox 307 2223 371 2304; x_wconf 90' lang='lat' dir='ltr'><strong><em>ipso</em></strong></span> <span class='ocrx_word' id='word_1_135' title='bbox 394 2227 497 2287; x_wconf 86' lang='lat' dir='ltr'><strong><em>natalis</em></strong></span> <span class='ocrx_word' id='word_1_136' title='bbox 524 2229 630 2310; x_wconf 81' lang='lat' dir='ltr'><strong><em>Cbristi</em></strong></span> <span class='ocrx_word' id='word_1_137' title='bbox 651 2231 743 2310; x_wconf 83' lang='lat' dir='ltr'><strong><em>festo,</em></strong></span> <span class='ocrx_word' id='word_1_138' title='bbox 770 2231 818 2304; x_wconf 67' lang='lat'><strong><em>25</em></strong></span> <span class='ocrx_word' id='word_1_139' title='bbox 837 2227 1017 2306; x_wconf 72' lang='lat' dir='ltr'><strong><em>Decembris,</em></strong></span> <span class='ocrx_word' id='word_1_140' title='bbox 1045 2233 1078 2291; x_wconf 81' lang='lat' dir='ltr'><strong><em>ut</em></strong></span> <span class='ocrx_word' id='word_1_141' title='bbox 1102 2231 1246 2308; x_wconf 55' lang='lat' dir='ltr'><strong><em>palem</em></strong></span> 
     </span>
     <span class='ocr_line' id='line_1_18' title="bbox 140 2307 1244 2394; baseline 0.002 -26"><span class='ocrx_word' id='word_1_142' title='bbox 140 2307 275 2368; x_wconf 87' lang='lat' dir='ltr'><strong><em>Menaeis.</em></strong></span> <span class='ocrx_word' id='word_1_143' title='bbox 318 2309 349 2368; x_wconf 86' lang='lat' dir='ltr'><strong><em>S.</em></strong></span> <span class='ocrx_word' id='word_1_144' title='bbox 375 2311 603 2388; x_wconf 78' lang='lat' dir='ltr'><strong><em>chrysostomus</em></strong></span> <span class='ocrx_word' id='word_1_145' title='bbox 616 2313 710 2376; x_wconf 86' lang='lat' dir='ltr'><strong><em>homil.</em></strong></span> <span class='ocrx_word' id='word_1_146' title='bbox 727 2316 772 2386; x_wconf 44' lang='lat' dir='ltr'><strong><em>,de</em></strong></span> <span class='ocrx_word' id='word_1_147' title='bbox 792 2313 941 2394; x_wconf 73' lang='lat' dir='ltr'><strong><em>Baptistae</em></strong></span> <span class='ocrx_word' id='word_1_148' title='bbox 964 2313 1086 2375; x_wconf 79' lang='lat' dir='ltr'><strong><em>Christi:</em></strong></span> <span class='ocrx_word' id='word_1_149' title='bbox 1114 2310 1244 2392; x_wconf 79' lang='lat' dir='ltr'><strong><em>quonpb</em></strong></span> 
     </span>
     <span class='ocr_line' id='line_1_19' title="bbox 140 2393 1248 2481; baseline 0 -27"><span class='ocrx_word' id='word_1_150' title='bbox 140 2413 249 2478; x_wconf 80' lang='lat' dir='ltr'><strong><em>causum</em></strong></span> <span class='ocrx_word' id='word_1_151' title='bbox 267 2393 331 2453; x_wconf 86' lang='lat' dir='ltr'><strong><em>bueo</em></strong></span> <span class='ocrx_word' id='word_1_152' title='bbox 349 2395 530 2477; x_wconf 84' lang='lat' dir='ltr'><strong><em>(solennitas)</em></strong></span> <span class='ocrx_word' id='word_1_153' title='bbox 550 2395 726 2478; x_wconf 73' lang='grc' dir='ltr'><strong><em>ἐπιφάνεια,</em></strong></span> <span class='ocrx_word' id='word_1_154' title='bbox 753 2399 808 2463; x_wconf 87' lang='lat' dir='ltr'><strong><em>lroc</em></strong></span> <span class='ocrx_word' id='word_1_155' title='bbox 821 2405 869 2474; x_wconf 72' lang='lat' dir='ltr'><strong><em>est</em></strong></span> <span class='ocrx_word' id='word_1_156' title='bbox 882 2399 1044 2481; x_wconf 79' lang='lat' dir='ltr'><strong><em>apparitio,</em></strong></span> <span class='ocrx_word' id='word_1_157' title='bbox 1071 2394 1248 2478; x_wconf 49' lang='lat' dir='ltr'><strong><em>appellaturi,</em></strong></span> 
     </span>
     <span class='ocr_line' id='line_1_20' title="bbox 140 2480 1242 2564; baseline 0.001 -26"><span class='ocrx_word' id='word_1_158' title='bbox 140 2481 207 2560; x_wconf 76' lang='lat' dir='ltr'><strong><em>qaia</em></strong></span> <span class='ocrx_word' id='word_1_159' title='bbox 225 2482 349 2540; x_wconf 83' lang='lat' dir='ltr'><strong><em>nimirum</em></strong></span> <span class='ocrx_word' id='word_1_160' title='bbox 365 2502 419 2540; x_wconf 90' lang='lat' dir='ltr'><strong><em>non</em></strong></span> <span class='ocrx_word' id='word_1_161' title='bbox 436 2484 554 2542; x_wconf 83' lang='lat' dir='ltr'><strong><em>omnibus</em></strong></span> <span class='ocrx_word' id='word_1_162' title='bbox 567 2485 723 2564; x_wconf 69' lang='lat' dir='ltr'><strong><em>nauseatus</em></strong></span> <span class='ocrx_word' id='word_1_163' title='bbox 733 2491 772 2544; x_wconf 83' lang='lat' dir='ltr'><strong><em>est</em></strong></span> <span class='ocrx_word' id='word_1_164' title='bbox 785 2485 924 2562; x_wconf 69' lang='lat' dir='ltr'><strong><em>redditus,</em></strong></span> <span class='ocrx_word' id='word_1_165' title='bbox 945 2504 1005 2544; x_wconf 88' lang='lat' dir='ltr'><strong><em>curn</em></strong></span> <span class='ocrx_word' id='word_1_166' title='bbox 1021 2490 1105 2564; x_wconf 86' lang='lat' dir='ltr'><strong><em>portu</em></strong></span> <span class='ocrx_word' id='word_1_167' title='bbox 1122 2488 1161 2540; x_wconf 84' lang='lat' dir='ltr'><strong><em>est</em></strong></span> <span class='ocrx_word' id='word_1_168' title='bbox 1182 2480 1242 2540; x_wconf 79' lang='lat' dir='ltr'><strong><em>edi-</em></strong></span> 
     </span>
     <span class='ocr_line' id='line_1_21' title="bbox 97 2564 1241 2652; baseline 0 -28"><span class='ocrx_word' id='word_1_169' title='bbox 97 2631 99 2642; x_wconf 47' lang='grc'>,</span> <span class='ocrx_word' id='word_1_170' title='bbox 139 2571 200 2640; x_wconf 86' lang='lat' dir='ltr'><strong><em>tus,</em></strong></span> <span class='ocrx_word' id='word_1_171' title='bbox 220 2564 265 2624; x_wconf 83' lang='lat' dir='ltr'><strong><em>sed</em></strong></span> <span class='ocrx_word' id='word_1_172' title='bbox 284 2584 343 2624; x_wconf 85' lang='lat' dir='ltr'><strong><em>cunr</em></strong></span> <span class='ocrx_word' id='word_1_173' title='bbox 363 2571 402 2625; x_wconf 82' lang='lat' dir='ltr'><strong><em>est</em></strong></span> <span class='ocrx_word' id='word_1_174' title='bbox 423 2567 592 2645; x_wconf 83' lang='lat' dir='ltr'><strong><em>baptisatus:</em></strong></span> <span class='ocrx_word' id='word_1_175' title='bbox 611 2589 674 2630; x_wconf 85' lang='lat' dir='ltr'><strong><em>narn</em></strong></span> <span class='ocrx_word' id='word_1_176' title='bbox 688 2571 726 2630; x_wconf 85' lang='lat' dir='ltr'><strong><em>ad</em></strong></span> <span class='ocrx_word' id='word_1_177' title='bbox 740 2571 810 2630; x_wconf 84' lang='lat' dir='ltr'><strong><em>bunc</em></strong></span> <span class='ocrx_word' id='word_1_178' title='bbox 826 2591 908 2652; x_wconf 77' lang='lat' dir='ltr'><strong><em>nsque</em></strong></span> <span class='ocrx_word' id='word_1_179' title='bbox 922 2571 989 2633; x_wconf 81' lang='lat' dir='ltr'><strong><em>diens</em></strong></span> <span class='ocrx_word' id='word_1_180' title='bbox 1002 2569 1151 2646; x_wconf 83' lang='lat' dir='ltr'><strong><em>nalgoerat</em></strong></span> <span class='ocrx_word' id='word_1_181' title='bbox 1164 2571 1241 2643; x_wconf 82' lang='lat' dir='ltr'><strong><em>igno·</em></strong></span> 
     </span>
     <span class='ocr_line' id='line_1_22' title="bbox 139 2653 1241 2734; baseline 0 -26"><span class='ocrx_word' id='word_1_182' title='bbox 139 2655 194 2710; x_wconf 84' lang='lat' dir='ltr'><strong><em>tur.</em></strong></span> <span class='ocrx_word' id='word_1_183' title='bbox 235 2667 298 2710; x_wconf 85' lang='lat' dir='ltr'><strong><em>nom</em></strong></span> <span class='ocrx_word' id='word_1_184' title='bbox 318 2653 486 2728; x_wconf 82' lang='lat' dir='ltr'><strong><em>incognitum</em></strong></span> <span class='ocrx_word' id='word_1_185' title='bbox 502 2655 658 2733; x_wconf 72' lang='lat' dir='ltr'><strong><em>confodere</em></strong></span> <span class='ocrx_word' id='word_1_186' title='bbox 679 2655 776 2732; x_wconf 82' lang='lat' dir='ltr'><strong><em>vulgo,</em></strong></span> <span class='ocrx_word' id='word_1_187' title='bbox 805 2675 887 2734; x_wconf 79' lang='lat' dir='ltr'><strong><em>nepae</em></strong></span> <span class='ocrx_word' id='word_1_188' title='bbox 912 2661 1034 2733; x_wconf 74' lang='lat' dir='ltr'><strong><em>quianon</em></strong></span> <span class='ocrx_word' id='word_1_189' title='bbox 1052 2659 1117 2712; x_wconf 79' lang='lat' dir='ltr'><strong><em>esset</em></strong></span> <span class='ocrx_word' id='word_1_190' title='bbox 1139 2653 1241 2732; x_wconf 81' lang='lat' dir='ltr'><strong><em>pleror-</em></strong></span> 
     </span>
     <span class='ocr_line' id='line_1_23' title="bbox 140 2737 1240 2819; baseline 0.004 -26"><span class='ocrx_word' id='word_1_191' title='bbox 140 2753 191 2815; x_wconf 75' lang='lat' dir='ltr'><strong><em>qoe</em></strong></span> <span class='ocrx_word' id='word_1_192' title='bbox 206 2738 330 2812; x_wconf 66' lang='lat' dir='ltr'><strong><em>aduisa,</em></strong></span> <span class='ocrx_word' id='word_1_193' title='bbox 351 2742 455 2796; x_wconf 80' lang='lat' dir='ltr'><strong><em>comtut</em></strong></span> <span class='ocrx_word' id='word_1_194' title='bbox 468 2757 502 2797; x_wconf 78' lang='lat' dir='ltr'><strong><em>ex</em></strong></span> <span class='ocrx_word' id='word_1_195' title='bbox 518 2742 579 2799; x_wconf 78' lang='lat' dir='ltr'><strong><em>istis</em></strong></span> <span class='ocrx_word' id='word_1_196' title='bbox 596 2740 705 2800; x_wconf 79' lang='lat' dir='ltr'><strong><em>loormir</em></strong></span> <span class='ocrx_word' id='word_1_197' title='bbox 724 2742 857 2819; x_wconf 79' lang='lat' dir='ltr'><strong><em>baptistae</em></strong></span> <span class='ocrx_word' id='word_1_198' title='bbox 874 2742 960 2800; x_wconf 74' lang='lat' dir='ltr'><strong><em>nabis</em></strong></span> <span class='ocrx_word' id='word_1_199' title='bbox 976 2737 1058 2814; x_wconf 27' lang='lat' dir='ltr'><strong><em>,Ioan</em></strong></span> <span class='ocrx_word' id='word_1_200' title='bbox 1076 2743 1110 2804; x_wconf 85' lang='lat'><strong><em>1:</em></strong></span> <span class='ocrx_word' id='word_1_201' title='bbox 1138 2737 1240 2801; x_wconf 74' lang='lat' dir='ltr'><strong><em>artior</em></strong></span> 
     </span>
     <span class='ocr_line' id='line_1_24' title="bbox 139 2817 1239 2904; baseline -0.005 -21"><span class='ocrx_word' id='word_1_202' title='bbox 139 2826 252 2883; x_wconf 67' lang='lat' dir='ltr'><strong><em>vestm</em></strong></span> <span class='ocrx_word' id='word_1_203' title='bbox 267 2824 359 2894; x_wconf 76' lang='lat' dir='ltr'><strong><em>stetit,</em></strong></span> <span class='ocrx_word' id='word_1_204' title='bbox 377 2841 451 2902; x_wconf 61' lang='lat' dir='ltr'><strong><em>wrm</em></strong></span> <span class='ocrx_word' id='word_1_205' title='bbox 469 2841 514 2882; x_wconf 82' lang='lat' dir='ltr'><strong><em>ooo</em></strong></span> <span class='ocrx_word' id='word_1_206' title='bbox 529 2817 662 2895; x_wconf 56' lang='lat' dir='ltr'><strong><em>anaide?</em></strong></span> <span class='ocrx_word' id='word_1_207' title='bbox 705 2827 771 2904; x_wconf 78' lang='lat' dir='ltr'><strong><em>prid</em></strong></span> <span class='ocrx_word' id='word_1_208' title='bbox 783 2844 848 2890; x_wconf 78' lang='lat' dir='ltr'><strong><em>nero</em></strong></span> <span class='ocrx_word' id='word_1_209' title='bbox 868 2829 982 2897; x_wconf 69' lang='lat' dir='ltr'><strong><em>namn,</em></strong></span> <span class='ocrx_word' id='word_1_210' title='bbox 1002 2827 1029 2882; x_wconf 81' lang='lat' dir='ltr'><strong><em>si</em></strong></span> <span class='ocrx_word' id='word_1_211' title='bbox 1040 2823 1092 2884; x_wconf 81' lang='lat' dir='ltr'><strong><em>ulii</em></strong></span> <span class='ocrx_word' id='word_1_212' title='bbox 1104 2842 1156 2882; x_wconf 83' lang='lat' dir='ltr'><strong><em>non</em></strong></span> <span class='ocrx_word' id='word_1_213' title='bbox 1177 2841 1239 2880; x_wconf 84' lang='lat' dir='ltr'><strong><em>nos-</em></strong></span> 
     </span>
     <span class='ocr_line' id='line_1_25' title="bbox 139 2904 1312 2991; baseline -0.001 -27"><span class='ocrx_word' id='word_1_214' title='bbox 139 2911 214 2978; x_wconf 84' lang='lat' dir='ltr'><strong><em>sent,</em></strong></span> <span class='ocrx_word' id='word_1_215' title='bbox 235 2904 340 2984; x_wconf 77' lang='lat' dir='ltr'><strong><em>qoondo</em></strong></span> <span class='ocrx_word' id='word_1_216' title='bbox 357 2907 435 2968; x_wconf 82' lang='lat' dir='ltr'><strong><em>illam</em></strong></span> <span class='ocrx_word' id='word_1_217' title='bbox 456 2912 537 2968; x_wconf 85' lang='lat' dir='ltr'><strong><em>etiarn</em></strong></span> <span class='ocrx_word' id='word_1_218' title='bbox 557 2915 613 2989; x_wconf 75' lang='lat' dir='ltr'><strong><em>spos</em></strong></span> <span class='ocrx_word' id='word_1_219' title='bbox 633 2911 751 2991; x_wconf 82' lang='lat' dir='ltr'><strong><em>baptista</em></strong></span> <span class='ocrx_word' id='word_1_220' title='bbox 773 2911 812 2970; x_wconf 86' lang='lat' dir='ltr'><strong><em>od</em></strong></span> <span class='ocrx_word' id='word_1_221' title='bbox 833 2929 890 2970; x_wconf 85' lang='lat' dir='ltr'><strong><em>eun</em></strong></span> <span class='ocrx_word' id='word_1_222' title='bbox 906 2909 1066 2987; x_wconf 76' lang='lat' dir='ltr'><strong><em>esposdr‘orn</em></strong></span> <span class='ocrx_word' id='word_1_223' title='bbox 1078 2905 1239 2984; x_wconf 54' lang='lat' dir='ltr'><strong><em>grauior?</em></strong></span> <span class='ocrx_word' id='word_1_224' title='bbox 1308 2927 1312 2938; x_wconf 76' lang='grc'><strong>’</strong></span> 
     </span>
     <span class='ocr_line' id='line_1_26' title="bbox 137 2986 1241 3074; baseline 0 -26"><span class='ocrx_word' id='word_1_225' title='bbox 137 2987 186 3048; x_wconf 82' lang='lat' dir='ltr'><strong><em>“et</em></strong></span> <span class='ocrx_word' id='word_1_226' title='bbox 202 3007 256 3066; x_wconf 86' lang='lat' dir='ltr'><strong><em>ego</em></strong></span> <span class='ocrx_word' id='word_1_227' title='bbox 275 2991 432 3052; x_wconf 85' lang='lat' dir='ltr'><strong><em>nesciebam</em></strong></span> <span class='ocrx_word' id='word_1_228' title='bbox 448 2986 537 3071; x_wconf 86' lang='lat' dir='ltr'><strong><em>eum”,</em></strong></span> <span class='ocrx_word' id='word_1_229' title='bbox 555 2998 652 3074; x_wconf 74' lang='lat' dir='ltr'><strong><em>ingerit.</em></strong></span> <span class='ocrx_word' id='word_1_230' title='bbox 693 2993 813 3056; x_wconf 89' lang='lat' dir='ltr'><strong><em>Latinos</em></strong></span> <span class='ocrx_word' id='word_1_231' title='bbox 827 2996 864 3054; x_wconf 90' lang='lat' dir='ltr'><strong><em>ob</em></strong></span> <span class='ocrx_word' id='word_1_232' title='bbox 880 2995 1134 3056; x_wconf 70' lang='lat' dir='ltr'><strong><em>manifestationem</em></strong></span> <span class='ocrx_word' id='word_1_233' title='bbox 1146 2991 1241 3068; x_wconf 85' lang='lat' dir='ltr'><strong><em>Magis</em></strong></span> 
     </span>
     <span class='ocr_line' id='line_1_27' title="bbox 141 3073 1242 3160; baseline 0.004 -28"><span class='ocrx_word' id='word_1_234' title='bbox 141 3073 245 3134; x_wconf 87' lang='lat' dir='ltr'><strong><em>iactam</em></strong></span> <span class='ocrx_word' id='word_1_235' title='bbox 270 3073 324 3134; x_wconf 90' lang='lat' dir='ltr'><strong><em>hoc</em></strong></span> <span class='ocrx_word' id='word_1_236' title='bbox 345 3077 449 3136; x_wconf 86' lang='lat' dir='ltr'><strong><em>festum</em></strong></span> <span class='ocrx_word' id='word_1_237' title='bbox 471 3079 548 3138; x_wconf 90' lang='lat' dir='ltr'><strong><em>obire</em></strong></span> <span class='ocrx_word' id='word_1_238' title='bbox 572 3085 652 3159; x_wconf 89' lang='lat' dir='ltr'><strong><em>patet</em></strong></span> <span class='ocrx_word' id='word_1_239' title='bbox 675 3099 718 3140; x_wconf 63' lang='lat' dir='ltr'><strong><em>en⁴</em></strong></span> <span class='ocrx_word' id='word_1_240' title='bbox 734 3079 853 3140; x_wconf 89' lang='lat' dir='ltr'><strong><em>homiliis</em></strong></span> <span class='ocrx_word' id='word_1_241' title='bbox 875 3100 914 3144; x_wconf 86' lang='lat' dir='ltr'><strong><em>ss.</em></strong></span> <span class='ocrx_word' id='word_1_242' title='bbox 932 3086 1065 3160; x_wconf 76' lang='lat' dir='ltr'><strong><em>patrum„</em></strong></span> <span class='ocrx_word' id='word_1_243' title='bbox 1091 3078 1121 3138; x_wconf 82' lang='lat' dir='ltr'><strong><em>S.</em></strong></span> <span class='ocrx_word' id='word_1_244' title='bbox 1140 3075 1242 3154; x_wconf 81' lang='lat' dir='ltr'><strong><em>Augu·</em></strong></span> 
     </span>
     <span class='ocr_line' id='line_1_28' title="bbox 141 3154 1242 3244; baseline 0.002 -26"><span class='ocrx_word' id='word_1_245' title='bbox 141 3159 223 3234; x_wconf 82' lang='lat' dir='ltr'><strong><em>atini,</em></strong></span> <span class='ocrx_word' id='word_1_246' title='bbox 244 3159 274 3218; x_wconf 90' lang='lat' dir='ltr'><strong><em>S.</em></strong></span> <span class='ocrx_word' id='word_1_247' title='bbox 288 3154 408 3239; x_wconf 85' lang='lat' dir='ltr'><strong><em>Leonis,</em></strong></span> <span class='ocrx_word' id='word_1_248' title='bbox 430 3165 460 3223; x_wconf 86' lang='lat' dir='ltr'><strong><em>S.</em></strong></span> <span class='ocrx_word' id='word_1_249' title='bbox 474 3163 589 3224; x_wconf 85' lang='lat' dir='ltr'><strong><em>Maximi</em></strong></span> <span class='ocrx_word' id='word_1_250' title='bbox 604 3172 633 3225; x_wconf 90' lang='lat' dir='ltr'><strong><em>et</em></strong></span> <span class='ocrx_word' id='word_1_251' title='bbox 652 3166 777 3226; x_wconf 87' lang='lat' dir='ltr'><strong><em>aliorum.</em></strong></span> <span class='ocrx_word' id='word_1_252' title='bbox 818 3172 900 3244; x_wconf 87' lang='lat' dir='ltr'><strong><em>patet</em></strong></span> <span class='ocrx_word' id='word_1_253' title='bbox 918 3166 994 3226; x_wconf 90' lang='lat' dir='ltr'><strong><em>idem</em></strong></span> <span class='ocrx_word' id='word_1_254' title='bbox 1015 3184 1049 3224; x_wconf 87' lang='lat' dir='ltr'><strong><em>ex</em></strong></span> <span class='ocrx_word' id='word_1_255' title='bbox 1073 3161 1242 3222; x_wconf 86' lang='lat' dir='ltr'><strong><em>Germanica</em></strong></span> 
     </span>
     <span class='ocr_line' id='line_1_29' title="bbox 140 3242 1242 3328; baseline 0.004 -26"><span class='ocrx_word' id='word_1_256' title='bbox 140 3242 330 3322; x_wconf 83' lang='lat' dir='ltr'><strong><em>appellatione</em></strong></span> <span class='ocrx_word' id='word_1_257' title='bbox 344 3244 425 3304; x_wconf 91' lang='lat' dir='ltr'><strong><em>huius</em></strong></span> <span class='ocrx_word' id='word_1_258' title='bbox 440 3248 520 3325; x_wconf 83' lang='lat' dir='ltr'><strong><em>festi,</em></strong></span> <span class='ocrx_word' id='word_1_259' title='bbox 542 3267 615 3326; x_wconf 88' lang='lat' dir='ltr'><strong><em>quae</em></strong></span> <span class='ocrx_word' id='word_1_260' title='bbox 630 3256 674 3309; x_wconf 87' lang='lat' dir='ltr'><strong><em>est</em></strong></span> <span class='ocrx_word' id='word_1_261' title='bbox 694 3251 779 3309; x_wconf 87' lang='lat' dir='ltr'><strong><em>trium</em></strong></span> <span class='ocrx_word' id='word_1_262' title='bbox 799 3269 914 3328; x_wconf 87' lang='lat' dir='ltr'><strong><em>regum,</em></strong></span> <span class='ocrx_word' id='word_1_263' title='bbox 935 3251 983 3310; x_wconf 81' lang='lat' dir='ltr'><strong><em>der</em></strong></span> <span class='ocrx_word' id='word_1_264' title='bbox 995 3251 1109 3326; x_wconf 79' lang='lat' dir='ltr'><strong><em>beiligar</em></strong></span> <span class='ocrx_word' id='word_1_265' title='bbox 1122 3248 1181 3306; x_wconf 85' lang='lat' dir='ltr'><strong><em>drei</em></strong></span> <span class='ocrx_word' id='word_1_266' title='bbox 1194 3247 1242 3307; x_wconf 77' lang='lat' dir='ltr'><strong><em>leii-</em></strong></span> 
     </span>
    </p>
   </div>
   <div class='ocr_carea' id='block_1_6' title="bbox 139 3329 1340 3414">
    <p class='ocr_par' dir='ltr' id='par_1_6' title="bbox 139 3329 1340 3414">
     <span class='ocr_line' id='line_1_30' title="bbox 139 3329 1340 3414; baseline 0.002 -26"><span class='ocrx_word' id='word_1_267' title='bbox 139 3331 189 3404; x_wconf 83' lang='lat' dir='ltr'><strong><em>aig</em></strong></span> <span class='ocrx_word' id='word_1_268' title='bbox 204 3334 262 3403; x_wconf 87' lang='lat' dir='ltr'><strong><em>tog.</em></strong></span> <span class='ocrx_word' id='word_1_269' title='bbox 306 3333 336 3388; x_wconf 87' lang='lat' dir='ltr'><strong><em>et</em></strong></span> <span class='ocrx_word' id='word_1_270' title='bbox 350 3329 451 3408; x_wconf 89' lang='lat' dir='ltr'><strong><em>legitur</em></strong></span> <span class='ocrx_word' id='word_1_271' title='bbox 466 3334 642 3410; x_wconf 87' lang='lat' dir='ltr'><strong><em>evangelium</em></strong></span> <span class='ocrx_word' id='word_1_272' title='bbox 661 3336 692 3392; x_wconf 88' lang='lat' dir='ltr'><strong><em>S.</em></strong></span> <span class='ocrx_word' id='word_1_273' title='bbox 714 3334 854 3414; x_wconf 82' lang='lat' dir='ltr'><strong><em>Matthaei</em></strong></span> <span class='ocrx_word' id='word_1_274' title='bbox 876 3338 912 3396; x_wconf 87' lang='lat' dir='ltr'><strong><em>de</em></strong></span> <span class='ocrx_word' id='word_1_275' title='bbox 937 3337 1061 3394; x_wconf 85' lang='lat' dir='ltr'><strong><em>adventu</em></strong></span> <span class='ocrx_word' id='word_1_276' title='bbox 1081 3330 1240 3411; x_wconf 83' lang='lat' dir='ltr'><strong><em>Magorum.</em></strong></span> <span class='ocrx_word' id='word_1_277' title='bbox 1335 3363 1340 3378; x_wconf 94' lang='lat'><em>·</em></span> 
     </span>
    </p>
   </div>
   <div class='ocr_carea' id='block_1_7' title="bbox 139 3411 1247 4364">
    <p class='ocr_par' dir='ltr' id='par_1_7' title="bbox 140 3411 1243 3752">
     <span class='ocr_line' id='line_1_31' title="bbox 140 3411 1243 3494; baseline 0.002 -22"><span class='ocrx_word' id='word_1_278' title='bbox 140 3431 194 3472; x_wconf 88' lang='lat' dir='ltr'><strong><em>nec</em></strong></span> <span class='ocrx_word' id='word_1_279' title='bbox 213 3411 294 3471; x_wconf 87' lang='lat' dir='ltr'><strong><em>aliter</em></strong></span> <span class='ocrx_word' id='word_1_280' title='bbox 313 3412 443 3475; x_wconf 88' lang='lat' dir='ltr'><strong><em>haeretici</em></strong></span> <span class='ocrx_word' id='word_1_281' title='bbox 465 3424 525 3478; x_wconf 89' lang='lat' dir='ltr'><strong><em>tam</em></strong></span> <span class='ocrx_word' id='word_1_282' title='bbox 549 3419 579 3478; x_wconf 87' lang='lat' dir='ltr'><strong><em>in</em></strong></span> <span class='ocrx_word' id='word_1_283' title='bbox 600 3420 764 3494; x_wconf 87' lang='lat' dir='ltr'><strong><em>quotidiano</em></strong></span> <span class='ocrx_word' id='word_1_284' title='bbox 777 3437 906 3484; x_wconf 88' lang='lat' dir='ltr'><strong><em>sermone</em></strong></span> <span class='ocrx_word' id='word_1_285' title='bbox 925 3437 1011 3494; x_wconf 86' lang='lat' dir='ltr'><strong><em>qnam</em></strong></span> <span class='ocrx_word' id='word_1_286' title='bbox 1032 3419 1061 3478; x_wconf 93' lang='lat' dir='ltr'><strong><em>in</em></strong></span> <span class='ocrx_word' id='word_1_287' title='bbox 1075 3417 1243 3478; x_wconf 83' lang='lat' dir='ltr'><strong><em>calendariis</em></strong></span> 
     </span>
     <span class='ocr_line' id='line_1_32' title="bbox 140 3497 1243 3582; baseline 0.001 -23"><span class='ocrx_word' id='word_1_288' title='bbox 140 3499 199 3559; x_wconf 88' lang='lat' dir='ltr'><strong><em>suis</em></strong></span> <span class='ocrx_word' id='word_1_289' title='bbox 213 3497 267 3557; x_wconf 89' lang='lat' dir='ltr'><strong><em>lroc</em></strong></span> <span class='ocrx_word' id='word_1_290' title='bbox 279 3499 383 3560; x_wconf 85' lang='lat' dir='ltr'><strong><em>festrrm</em></strong></span> <span class='ocrx_word' id='word_1_291' title='bbox 396 3503 562 3580; x_wconf 89' lang='lat' dir='ltr'><strong><em>nominant,</em></strong></span> <span class='ocrx_word' id='word_1_292' title='bbox 582 3521 668 3578; x_wconf 87' lang='lat' dir='ltr'><strong><em>quam</em></strong></span> <span class='ocrx_word' id='word_1_293' title='bbox 692 3504 739 3562; x_wconf 85' lang='lat' dir='ltr'><strong><em>dor</em></strong></span> <span class='ocrx_word' id='word_1_294' title='bbox 760 3504 876 3580; x_wconf 72' lang='lat' dir='ltr'><strong><em>britegus</em></strong></span> <span class='ocrx_word' id='word_1_295' title='bbox 896 3505 954 3564; x_wconf 77' lang='lat' dir='ltr'><strong><em>daei</em></strong></span> <span class='ocrx_word' id='word_1_296' title='bbox 971 3504 1054 3580; x_wconf 84' lang='lat' dir='ltr'><strong><em>lrb&#39;nig</em></strong></span> <span class='ocrx_word' id='word_1_297' title='bbox 1074 3509 1134 3582; x_wconf 86' lang='lat' dir='ltr'><strong><em>tog.</em></strong></span> <span class='ocrx_word' id='word_1_298' title='bbox 1176 3503 1243 3564; x_wconf 87' lang='lat' dir='ltr'><strong><em>inde</em></strong></span> 
     </span>
     <span class='ocr_line' id='line_1_33' title="bbox 140 3584 1242 3668; baseline 0.005 -26"><span class='ocrx_word' id='word_1_299' title='bbox 140 3585 228 3644; x_wconf 88' lang='lat' dir='ltr'><strong><em>etiam</em></strong></span> <span class='ocrx_word' id='word_1_300' title='bbox 245 3584 335 3659; x_wconf 90' lang='lat' dir='ltr'><strong><em>liquet</em></strong></span> <span class='ocrx_word' id='word_1_301' title='bbox 355 3605 486 3648; x_wconf 78' lang='lat' dir='ltr'><strong><em>numerum</em></strong></span> <span class='ocrx_word' id='word_1_302' title='bbox 502 3587 669 3666; x_wconf 86' lang='lat' dir='ltr'><strong><em>Magorum,</em></strong></span> <span class='ocrx_word' id='word_1_303' title='bbox 689 3589 733 3646; x_wconf 81' lang='lat' dir='ltr'><strong><em>die</em></strong></span> <span class='ocrx_word' id='word_1_304' title='bbox 755 3589 853 3666; x_wconf 80' lang='lat' dir='ltr'><strong><em>leiligo</em></strong></span> <span class='ocrx_word' id='word_1_305' title='bbox 872 3589 930 3650; x_wconf 79' lang='lat' dir='ltr'><strong><em>drot</em></strong></span> <span class='ocrx_word' id='word_1_306' title='bbox 946 3589 1047 3668; x_wconf 79' lang='lat' dir='ltr'><strong><em>linig:</em></strong></span> <span class='ocrx_word' id='word_1_307' title='bbox 1065 3608 1124 3648; x_wconf 89' lang='lat' dir='ltr'><strong><em>non</em></strong></span> <span class='ocrx_word' id='word_1_308' title='bbox 1140 3588 1242 3648; x_wconf 89' lang='lat' dir='ltr'><strong><em>dicitnr</em></strong></span> 
     </span>
     <span class='ocr_line' id='line_1_34' title="bbox 141 3669 859 3752; baseline 0.008 -24"><span class='ocrx_word' id='word_1_309' title='bbox 141 3669 186 3730; x_wconf 85' lang='lat' dir='ltr'><strong><em>die</em></strong></span> <span class='ocrx_word' id='word_1_310' title='bbox 198 3669 296 3746; x_wconf 78' lang='lat' dir='ltr'><strong><em>beiliga</em></strong></span> <span class='ocrx_word' id='word_1_311' title='bbox 311 3675 368 3731; x_wconf 87' lang='lat' dir='ltr'><strong><em>oier</em></strong></span> <span class='ocrx_word' id='word_1_312' title='bbox 381 3672 480 3749; x_wconf 81' lang='lat' dir='ltr'><strong><em>linig,</em></strong></span> <span class='ocrx_word' id='word_1_313' title='bbox 498 3675 541 3734; x_wconf 87' lang='lat' dir='ltr'><strong><em>die</em></strong></span> <span class='ocrx_word' id='word_1_314' title='bbox 558 3676 655 3750; x_wconf 79' lang='lat' dir='ltr'><strong><em>beiliga</em></strong></span> <span class='ocrx_word' id='word_1_315' title='bbox 669 3693 755 3732; x_wconf 77' lang='lat' dir='ltr'><strong><em>aneon</em></strong></span> <span class='ocrx_word' id='word_1_316' title='bbox 765 3673 859 3752; x_wconf 79' lang='lat' dir='ltr'><strong><em>tb&#39;nig.</em></strong></span> 
     </span>
    </p>

    <p class='ocr_par' dir='ltr' id='par_1_8' title="bbox 139 3771 1247 4364">
     <span class='ocr_line' id='line_1_35' title="bbox 149 3771 1247 3858; baseline -0.002 -22"><span class='ocrx_word' id='word_1_317' title='bbox 149 3827 154 3836; x_wconf 90' lang='lat'>.</span> <span class='ocrx_word' id='word_1_318' title='bbox 224 3771 339 3834; x_wconf 88' lang='lat' dir='ltr'><strong><em>Morose</em></strong></span> <span class='ocrx_word' id='word_1_319' title='bbox 358 3775 511 3858; x_wconf 84' lang='lat' dir='ltr'><strong><em>admodum</em></strong></span> <span class='ocrx_word' id='word_1_320' title='bbox 531 3777 568 3836; x_wconf 93' lang='lat' dir='ltr'><strong><em>de</em></strong></span> <span class='ocrx_word' id='word_1_321' title='bbox 586 3775 701 3852; x_wconf 88' lang='lat' dir='ltr'><strong><em>regibus</em></strong></span> <span class='ocrx_word' id='word_1_322' title='bbox 722 3776 835 3837; x_wconf 74' lang='lat' dir='ltr'><strong><em>dnserit</em></strong></span> <span class='ocrx_word' id='word_1_323' title='bbox 849 3776 1036 3838; x_wconf 85' lang='lat' dir='ltr'><strong><em>Casarrbonus</em></strong></span> <span class='ocrx_word' id='word_1_324' title='bbox 1052 3775 1081 3834; x_wconf 86' lang='lat' dir='ltr'><strong><em>in</em></strong></span> <span class='ocrx_word' id='word_1_325' title='bbox 1093 3775 1113 3836; x_wconf 77' lang='lat'>2</span> <span class='ocrx_word' id='word_1_326' title='bbox 1127 3773 1247 3834; x_wconf 39' lang='lat' dir='ltr'><strong><em>aretas-</em></strong></span> 
     </span>
     <span class='ocr_line' id='line_1_36' title="bbox 141 3857 1241 3939; baseline 0 -21"><span class='ocrx_word' id='word_1_327' title='bbox 141 3862 194 3918; x_wconf 79' lang='lat' dir='ltr'><strong><em>tat.</em></strong></span> <span class='ocrx_word' id='word_1_328' title='bbox 216 3865 314 3918; x_wconf 89' lang='lat' dir='ltr'><strong><em>contra</em></strong></span> <span class='ocrx_word' id='word_1_329' title='bbox 335 3857 505 3939; x_wconf 79' lang='lat' dir='ltr'><strong><em>Remulum,</em></strong></span> <span class='ocrx_word' id='word_1_330' title='bbox 523 3867 553 3920; x_wconf 93' lang='lat' dir='ltr'><strong><em>et</em></strong></span> <span class='ocrx_word' id='word_1_331' title='bbox 566 3863 681 3920; x_wconf 86' lang='lat' dir='ltr'><strong><em>tandem</em></strong></span> <span class='ocrx_word' id='word_1_332' title='bbox 695 3860 827 3926; x_wconf 75' lang='lat' dir='ltr'><strong><em>eonenit</em></strong></span> <span class='ocrx_word' id='word_1_333' title='bbox 836 3869 868 3922; x_wconf 91' lang='lat' dir='ltr'><strong><em>nt</em></strong></span> <span class='ocrx_word' id='word_1_334' title='bbox 882 3861 996 3939; x_wconf 89' lang='lat' dir='ltr'><strong><em>regulos</em></strong></span> <span class='ocrx_word' id='word_1_335' title='bbox 1010 3863 1097 3920; x_wconf 77' lang='lat' dir='ltr'><strong><em>risisse</em></strong></span> <span class='ocrx_word' id='word_1_336' title='bbox 1111 3877 1169 3918; x_wconf 90' lang='lat' dir='ltr'><strong><em>non</em></strong></span> <span class='ocrx_word' id='word_1_337' title='bbox 1186 3859 1241 3918; x_wconf 86' lang='lat' dir='ltr'><strong><em>dif-</em></strong></span> 
     </span>
     <span class='ocr_line' id='line_1_37' title="bbox 140 3944 1242 4024; baseline 0 -20"><span class='ocrx_word' id='word_1_338' title='bbox 140 3944 268 4020; x_wconf 88' lang='lat' dir='ltr'><strong><em>fiteatur,</em></strong></span> <span class='ocrx_word' id='word_1_339' title='bbox 290 3945 426 4004; x_wconf 81' lang='lat' dir='ltr'><strong><em>dnmmodo</em></strong></span> <span class='ocrx_word' id='word_1_340' title='bbox 437 3949 478 4004; x_wconf 87' lang='lat' dir='ltr'><strong><em>ito</em></strong></span> <span class='ocrx_word' id='word_1_341' title='bbox 488 3950 584 4006; x_wconf 78' lang='lat' dir='ltr'><strong><em>sortire</em></strong></span> <span class='ocrx_word' id='word_1_342' title='bbox 598 3947 640 4006; x_wconf 84' lang='lat' dir='ltr'><strong><em>oei</em></strong></span> <span class='ocrx_word' id='word_1_343' title='bbox 655 3967 708 4008; x_wconf 85' lang='lat' dir='ltr'><strong><em>non</em></strong></span> <span class='ocrx_word' id='word_1_344' title='bbox 721 3951 817 4006; x_wconf 71' lang='lat' dir='ltr'><strong><em>sentire</em></strong></span> <span class='ocrx_word' id='word_1_345' title='bbox 833 3951 974 4024; x_wconf 65' lang='lat' dir='ltr'><strong><em>amariam</em></strong></span> <span class='ocrx_word' id='word_1_346' title='bbox 990 3951 1028 4014; x_wconf 75' lang='lat' dir='ltr'><strong><em>sit</em></strong></span> <span class='ocrx_word' id='word_1_347' title='bbox 1043 3947 1170 4016; x_wconf 79' lang='lat' dir='ltr'><strong><em>liberoso,</em></strong></span> <span class='ocrx_word' id='word_1_348' title='bbox 1190 3963 1242 4004; x_wconf 83' lang='lat' dir='ltr'><strong><em>ne-</em></strong></span> 
     </span>
     <span class='ocr_line' id='line_1_38' title="bbox 141 4025 1241 4110; baseline -0.002 -24"><span class='ocrx_word' id='word_1_349' title='bbox 141 4048 194 4107; x_wconf 78' lang='lat' dir='ltr'><strong><em>que</em></strong></span> <span class='ocrx_word' id='word_1_350' title='bbox 208 4029 338 4088; x_wconf 75' lang='lat' dir='ltr'><strong><em>articarius</em></strong></span> <span class='ocrx_word' id='word_1_351' title='bbox 342 4029 415 4107; x_wconf 84' lang='lat' dir='ltr'><strong><em>fidei</em></strong></span> <span class='ocrx_word' id='word_1_352' title='bbox 429 4031 491 4090; x_wconf 72' lang='lat' dir='ltr'><strong><em>rada</em></strong></span> <span class='ocrx_word' id='word_1_353' title='bbox 507 4032 632 4092; x_wconf 82' lang='lat' dir='ltr'><strong><em>cudatur.</em></strong></span> <span class='ocrx_word' id='word_1_354' title='bbox 675 4033 738 4107; x_wconf 89' lang='lat' dir='ltr'><strong><em>quis</em></strong></span> <span class='ocrx_word' id='word_1_355' title='bbox 766 4051 818 4110; x_wconf 89' lang='lat' dir='ltr'><strong><em>pro</em></strong></span> <span class='ocrx_word' id='word_1_356' title='bbox 842 4032 959 4092; x_wconf 74' lang='lat' dir='ltr'><strong><em>mtiorrlo</em></strong></span> <span class='ocrx_word' id='word_1_357' title='bbox 976 4032 1043 4090; x_wconf 86' lang='lat' dir='ltr'><strong><em>fidei</em></strong></span> <span class='ocrx_word' id='word_1_358' title='bbox 1061 4029 1116 4088; x_wconf 84' lang='lat' dir='ltr'><strong><em>boc</em></strong></span> <span class='ocrx_word' id='word_1_359' title='bbox 1130 4025 1241 4090; x_wconf 69' lang='lat' dir='ltr'><strong><em>habeti</em></strong></span> 
     </span>
     <span class='ocr_line' id='line_1_39' title="bbox 140 4111 1239 4198; baseline -0.001 -28"><span class='ocrx_word' id='word_1_360' title='bbox 140 4113 293 4182; x_wconf 74' lang='lat' dir='ltr'><strong><em>communis</em></strong></span> <span class='ocrx_word' id='word_1_361' title='bbox 317 4120 347 4172; x_wconf 89' lang='lat' dir='ltr'><strong><em>et</em></strong></span> <span class='ocrx_word' id='word_1_362' title='bbox 368 4120 413 4174; x_wconf 89' lang='lat' dir='ltr'><strong><em>est</em></strong></span> <span class='ocrx_word' id='word_1_363' title='bbox 433 4121 464 4176; x_wconf 89' lang='lat' dir='ltr'><strong><em>et</em></strong></span> <span class='ocrx_word' id='word_1_364' title='bbox 479 4118 534 4176; x_wconf 86' lang='lat' dir='ltr'><strong><em>fnit</em></strong></span> <span class='ocrx_word' id='word_1_365' title='bbox 554 4118 700 4198; x_wconf 74' lang='lat' dir='ltr'><strong><em>persuasis</em></strong></span> <span class='ocrx_word' id='word_1_366' title='bbox 716 4117 855 4191; x_wconf 67' lang='lat' dir='ltr'><strong><em>fidelium</em></strong></span> <span class='ocrx_word' id='word_1_367' title='bbox 883 4137 902 4178; x_wconf 89' lang='lat' dir='ltr'><strong><em>a</em></strong></span> <span class='ocrx_word' id='word_1_368' title='bbox 922 4121 1112 4194; x_wconf 87' lang='lat' dir='ltr'><strong><em>quapropter</em></strong></span> <span class='ocrx_word' id='word_1_369' title='bbox 1130 4111 1239 4171; x_wconf 87' lang='lat' dir='ltr'><strong><em>ratiun-</em></strong></span> 
     </span>
     <span class='ocr_line' id='line_1_40' title="bbox 139 4196 1239 4283; baseline 0 -25"><span class='ocrx_word' id='word_1_370' title='bbox 139 4196 218 4258; x_wconf 86' lang='lat' dir='ltr'><strong><em>culas</em></strong></span> <span class='ocrx_word' id='word_1_371' title='bbox 238 4197 282 4256; x_wconf 87' lang='lat' dir='ltr'><strong><em>rel</em></strong></span> <span class='ocrx_word' id='word_1_372' title='bbox 303 4201 398 4278; x_wconf 77' lang='lat' dir='ltr'><strong><em>potira</em></strong></span> <span class='ocrx_word' id='word_1_373' title='bbox 413 4201 550 4266; x_wconf 84' lang='lat' dir='ltr'><strong><em>strdtitias</em></strong></span> <span class='ocrx_word' id='word_1_374' title='bbox 571 4202 765 4266; x_wconf 81' lang='lat' dir='ltr'><strong><em>Calrinisticas</em></strong></span> <span class='ocrx_word' id='word_1_375' title='bbox 791 4204 935 4264; x_wconf 69' lang='lat' dir='ltr'><strong><em>moedus</em></strong></span> <span class='ocrx_word' id='word_1_376' title='bbox 956 4219 1056 4283; x_wconf 85' lang='lat' dir='ltr'><strong><em>parum</em></strong></span> <span class='ocrx_word' id='word_1_377' title='bbox 1079 4197 1239 4260; x_wconf 83' lang='lat' dir='ltr'><strong><em>consultum</em></strong></span> 
     </span>
     <span class='ocr_line' id='line_1_41' title="bbox 141 4285 1071 4364; baseline 0.009 -22"><span class='ocrx_word' id='word_1_378' title='bbox 141 4289 193 4343; x_wconf 90' lang='lat' dir='ltr'><strong><em>aut</em></strong></span> <span class='ocrx_word' id='word_1_379' title='bbox 213 4285 364 4364; x_wconf 72' lang='lat' dir='ltr'><strong><em>expediens</em></strong></span> <span class='ocrx_word' id='word_1_380' title='bbox 382 4293 435 4348; x_wconf 86' lang='lat' dir='ltr'><strong><em>ast.</em></strong></span> <span class='ocrx_word' id='word_1_381' title='bbox 503 4345 505 4350; x_wconf 81' lang='grc'>,</span> <span class='ocrx_word' id='word_1_382' title='bbox 580 4303 582 4310; x_wconf 93' lang='grc'><strong><em>·</em></strong></span> <span class='ocrx_word' id='word_1_383' title='bbox 735 4302 737 4320; x_wconf 78' lang='lat'>¹</span> <span class='ocrx_word' id='word_1_384' title='bbox 1065 4321 1071 4331; x_wconf 94' lang='lat'>·</span> 
     </span>
    </p>
   </div>
   <div class='ocr_carea' id='block_1_8' title="bbox 0 0 1404 4690">
    <p class='ocr_par' dir='ltr' id='par_1_9' title="bbox 0 0 1404 4690">
     <span class='ocr_line' id='line_1_42' title="bbox 0 0 1404 4690; baseline 0 0"><span class='ocrx_word' id='word_1_385' title='bbox 0 0 1404 4690; x_wconf 95' lang='lat' dir='ltr'><strong><em> </em></strong></span> 
     </span>
    </p>
   </div>
  </div>
 </body>
</html>
