2802 4686
421 291 477 358 nu
504 251 1008 364 nonusdecimus
1210 297 1259 370 οι

167 456 267 550 ὥσπερ
283 461 317 528 δέ
332 457 476 552 πρότερον
488 463 522 530 ἓν
533 467 573 554 τῇ
586 469 642 532 τοῦ
653 460 754 553 μιλροα
768 462 801 532 od
818 461 913 554 ἀγιας,
929 462 1134 552 διαδεχόμενοι
1148 465 1259 554 ὁμοίιος

166 566 216 631 καὶ
238 563 350 650 ταύτην
371 567 430 652 τὴν
449 567 553 656 φωνὴν
576 568 605 634 ολ
627 570 675 634 int
699 567 841 653 ἀμβοινος
861 571 912 636 καὶ
934 569 969 636 τὸ
991 571 1095 638 λοιπὸν
1109 579 1164 638 τοῦ
1180 581 1257 642 roob

166 673 286 752 πλῆθος
296 675 411 751 βοῶσιν
426 669 459 738 ἔκ
470 673 573 758 τρέτοο
588 671 623 738 τὸ
636 669 728 750 ἄξιος.
779 668 843 738 εἶτα
857 668 1051 757 ἀναγινώσκει
1065 671 1156 740 πάλιν
1169 673 1185 741 ὅ
1198 703 1260 742 σα-

165 769 312 858 τριάρχης
327 769 432 857 εάχάς,
457 775 509 839 καλ
525 775 698 860 κατέρχεται
711 771 727 839 ὃ
743 775 887 857 βασιλεὺς
902 781 958 840 τοῦ
973 773 1129 858 ἀμβοινος,
1155 779 1210 844 οὔκ
1225 781 1258 844 dn

95 893 99 911 ¹
140 881 220 940 oron
235 875 348 961 μέρους
359 876 461 960 μέντοι
477 867 569 962 οὗπερ
585 876 729 960 ἀνῆλθεν,
751 876 891 960 innocen*
903 876 980 963 πρὸς
992 878 1049 955 τάς
1060 875 1188 966 Ὡραέας
1199 879 1259 946 τιά-

164 983 221 1054 λας
234 975 375 1064 ὁρῶντος,
390 979 460 1045 ἀλλ’
478 981 511 1046 ἐκ
525 985 581 1046 τοῦ
593 975 695 1069 ἑτέρον
709 985 765 1046 τοῦ
776 980 854 1069 πρὸς
866 979 919 1047 τὸν
931 980 1047 1048 σιολέαν
1058 985 1109 1048 καλ
1124 981 1159 1049 τὸ
1173 982 1258 1070 ἀγιον

161 1085 260 1164 λῆμα·
1180 1147 1183 1156 .

262 1181 334 1250 'Edon
348 1173 402 1250 οάν
422 1189 527 1272 συμβῇ
542 1184 586 1270 μὴ
609 1182 685 1267 ἔχειν
703 1184 782 1252 κατὰ
800 1183 854 1250 τὸν
872 1182 977 1272 καιρὸν
997 1184 1107 1251 έκεῖνον
1129 1195 1256 1271 γυναΐκοι

163 1283 217 1352 τὸν
230 1287 375 1370 βασιλέα,
406 1288 500 1366 εὐθὺς
518 1287 596 1372 μετὰ
617 1292 673 1354 τοτ’·
693 1293 851 1354 κατελθεῖν
869 1294 926 1354 τοῦ
942 1285 1084 1371 ἀμβωνος
1100 1288 1256 1376 ἀνέρχεται

122 1387 255 1454 ίθιιάλιν
271 1394 312 1469 εἰς
326 1387 509 1480 ἀναβάθραν
532 1393 581 1456 καὶ
602 1392 719 1470 καθίζει
740 1393 787 1456 tat
808 1396 864 1458 τοῦ
884 1388 1018 1479 θρόνον·
1041 1392 1067 1456 εἰ
1079 1393 1112 1458 δέ
1126 1391 1185 1476 έχει
1198 1420 1255 1478 γο-

163 1501 269 1572 ναῒκα,
294 1490 379 1560 cuod
400 1493 479 1560 ἔστιν
501 1491 615 1580 ἀνάγκη
638 1499 809 1580 στεφθῆναι
829 1489 896 1560 τότε
914 1496 965 1560 καλ
986 1491 1092 1579 αὐτήν.
1140 1497 1251 1580 γίνεται
1268 1511 1293 1566 0

163 1595 198 1660 δέ
212 1599 263 1662 κοιλ
278 1602 368 1663 τοῦτο
378 1593 488 1674 οὕτως.
727 1604 729 1610 ’
1031 1591 1034 1599 ’

260 1695 309 1764 Ἦ
318 1700 374 1784 μέν
389 1695 610 1786 προεστεμμένη
626 1698 676 1762 καλ
696 1695 797 1783 μήτηρ
821 1703 877 1764 eod
895 1696 963 1777 νέον
980 1697 1129 1781 βασιλέως
1145 1702 1254 1782 ζῶντος

161 1799 219 1884 μέν
232 1808 289 1868 τοῦ
301 1799 411 1886 ἀνδρὸς
425 1800 517 1884 αὐτῆς
529 1800 579 1864 καλ
592 1800 750 1880 βασιλέως,
768 1807 823 1865 τοῦ
837 1801 952 1888 πατρλξ
966 1799 1103 1885 δηλονότι
1116 1810 1172 1868 τοῦ
1185 1804 1253 1870 otoo

120 1909 156 1967 1⁵
163 1904 317 1987 βασιλέως
321 1949 341 1982 ,.
350 1903 473 1968 λ’σταται
484 1908 730 1988 στεφηφοροῦσο,
752 1902 919 1984 κατέχουσα
932 1910 970 1991 τῇ
982 1906 1061 1990 χειρλ
1075 1901 1165 1987 βάΐον
1175 1933 1254 1993 χρο-

164 2010 250 2084 com,
282 2004 349 2090 έχον
366 2029 399 2071 τε
418 2003 477 2071 ἀπὸ
496 2010 552 2088 τῆς
570 2010 708 2094 κορυφῆς
728 2005 779 2070 καλ
800 2003 938 2091 adoniden
959 2005 1030 2073 ὅσον
1053 2015 1254 2093 σπιθαμιαῖον

162 2114 262 2192 μῆκος
275 2104 502 2196 μαργαριτάρια
518 2107 568 2172 καὶ
589 2103 718 2195 λιθάρια
738 2107 947 2192 ἓμνιεπηγμένα
968 2107 1128 2175 κυκλόθεν.
1179 2115 1205 2178 εἰ
1221 2113 1255 2178 ἀὲ

162 2209 250 2296 τύχοι
265 2205 342 2278 οὖσα
352 2208 437 2298 χήρα
442 2257 453 2290 ,
489 2208 525 2276 τὸ
538 2209 594 2292 μέν
605 2206 696 2291 βάΐον
711 2209 828 2292 κατέχει
849 2213 899 2274 καλ
921 2209 1063 2295 ἱσταμένη
1081 2216 1132 2278 καλ
1153 2222 1256 2300 καθη-

163 2315 256 2400 μένη,
290 2325 382 2402 φορεῖ
403 2314 437 2378 δέ
457 2307 573 2395 iudano
593 2311 689 2395 μέλαν
708 2309 867 2398 λεγόμενον
890 2309 1009 2396 ἱμάτιον
1034 2316 1085 2379 καλ
1115 2316 1254 2399 pandrina

121 2415 244 2496 nodata
293 2415 364 2501 ἡδὲ
378 2415 431 2481 νέα
447 2416 569 2498 βασιλὶς
589 2414 732 2500 ἱσταμένη
751 2417 803 2480 καλ
818 2413 912 2500 αάτή,
946 2419 997 2481 καὶ
1020 2421 1201 2506 κατεχομένη
1218 2425 1291 2499 έξΙ)

163 2517 310 2608 ἑκατέρων
323 2525 384 2586 τῶν
398 2524 499 2604 μεροῖν
513 2513 571 2581 ἀπὸ
588 2515 642 2584 doio
659 2524 807 2604 συγγενῶν
821 2524 881 2584 τῶν
895 2517 1116 2604 γνησιιοτάτιον,
1134 2521 1153 2604 ἢ
1170 2525 1251 2608 εἰμὴ

162 2621 220 2706 ἔχει
230 2625 386 2710 γνησέοεις,
410 2618 464 2688 ἀπ’
480 2617 629 2704 εάναάχοιν
641 2619 707 2702 dds,
725 2622 900 2710 κατέρχεται
916 2620 977 2686 ἀπὸ
991 2627 1046 2706 τῆς
1059 2621 1251 2711 ἀναβάθρας,

229 2817 261 2872 11
277 2809 353 2887 τότε]
370 2832 400 2870 τε
415 2815 461 2871 ΒΡ
558 2814 705 2886 cedmon
807 2815 842 2873 14
856 2811 910 2872 coi
926 2810 1035 2886 πατρὸς
1051 2811 1182 2886 δηλονότι
1197 2819 1249 2874 sod

227 2883 294 2942 νέον
310 2883 444 2958 βασιλέως
459 2903 502 2944 om
517 2884 561 2942 ΑΒ

160 3055 231 3112 solus
246 3049 396 3128 patriarcba
420 3055 471 3112 hoc
494 3055 568 3112 tacit.
603 3053 815 3124 quemadmodum
839 3071 904 3109 varo
929 3059 1008 3109 antea
1031 3054 1060 3108 in
1083 3053 1249 3144 imperatoris

160 3126 283 3180 unctione
294 3127 332 3179 illi
346 3126 392 3196 qui
405 3126 433 3179 in
446 3127 555 3180 ambone
572 3125 677 3180 stabunt
692 3133 720 3178 et
737 3133 793 3178 tota
808 3124 911 3211 reliqna
926 3125 1017 3178 concio
1035 3124 1099 3178 iilud
1111 3119 1118 3141 ³
1129 3121 1252 3180 sanctns”

159 3201 202 3249 ter
217 3195 382 3262 insonabant,
399 3195 438 3248 itn
455 3203 482 3248 et
499 3211 567 3248 nuuc
583 3201 624 3247 tar
639 3193 760 3248 recinunt
776 3193 839 3247 illud
856 3189 997 3262 ‘dignua”
1025 3195 1121 3249 deinde
1136 3195 1251 3264 patrian-

161 3265 210 3318 cbn
228 3265 325 3316 iterum
341 3265 437 3318 recitat
455 3281 563 3334 preces,
589 3263 775 3330 descenditque
790 3263 932 3332 imperator
949 3281 982 3316 ex
998 3265 1124 3331 ambone,
1149 3281 1201 3316 non
1220 3280 1252 3318 ea

155 3340 238 3404 ⁴parte
254 3349 306 3401 quo
322 3334 448 3398 ascendit,
467 3331 505 3386 ee'
516 3332 616 3385 scilicet
632 3348 700 3400 quoe
716 3331 750 3385 ud
766 3333 899 3401 speciosas
915 3339 1006 3402 portus
1021 3332 1138 3403 respicit,
1154 3334 1202 3386 sed
1219 3351 1252 3386 ex

160 3402 245 3456 nitere
259 3400 347 3454 soleae
364 3413 392 3455 et
408 3410 498 3454 sancto
514 3399 681 3454 tabernaculo
699 3401 820 3452 obversa.

228 3471 260 3523 si
287 3471 368 3538 igitur
390 3488 421 3523 eo
446 3479 563 3540 temporo
587 3471 729 3539 imperator
746 3469 854 3523 neod‘um
871 3473 996 3522 uxoratus
1012 3467 1063 3537 eit,
1088 3468 1175 3524 statim
1191 3475 1253 3540 post

160 3540 310 3594 descensum
328 3557 362 3592 ex
378 3541 485 3592 ambone
502 3538 621 3592 escendit
636 3554 726 3590 rursus
745 3537 772 3590 in
790 3538 967 3606 anabatbrem,
987 3555 1034 3590 scu
1051 3539 1203 3608 tabulatum,
1224 3547 1252 3594 et

160 3609 235 3663 sedet
250 3609 279 3660 in
295 3608 390 3662 throno
407 3625 464 3661 sno.
500 3609 524 3660 si
544 3608 596 3660 inm
618 3623 725 3660 uxorem
742 3607 853 3676 habeat,
876 3605 953 3677 piune
972 3608 1145 3662 necessarium
1163 3616 1251 3663 estut
1294 3617 1299 3626 '

159 3677 262 3748 etipsa
281 3684 434 3742 coronetor3
451 3677 520 3747 qnod
534 3676 566 3728 fit
583 3676 651 3729 hunc
666 3676 694 3730 in
711 3677 822 3728 modum.

226 3745 383 3816 Irnperotrix
402 3745 474 3816 prins
493 3753 617 3799 coronata
634 3750 662 3798 et
678 3753 762 3799 mater
778 3743 840 3797 noui
856 3742 1039 3814 imperatoris,
1066 3741 1089 3796 ei
1110 3743 1186 3796 vivat
1202 3743 1250 3796 ad-

159 3815 209 3868 huc
226 3815 333 3900 maritus
356 3817 412 3867 eius
434 3815 577 3884 imperator
601 3820 629 3866 et
649 3821 729 3884 pater
751 3815 814 3868 noui
839 3813 1020 3896 imperatoris,
1046 3818 1101 3866 stat
1116 3821 1251 3866 stemmata

157 3881 1252 4023 2⁰0sstis5⁰tatb¹¹irtit⁰biiiidittiiiiibidiidrdissitid

157 4023 268 4076 uniones
291 4023 320 4074 in
342 4023 432 4075 orbem
452 4021 559 4074 infixosa
592 4019 617 4074 si
632 4021 712 4076 vidua
730 4023 774 4090 sit,
790 4037 887 4074 romum
906 4020 1010 4103 quidem
1027 4027 1055 4072 et
1071 4026 1188 4071 utansret
1203 4036 1249 4072 se-

156 4093 221 4146 dens
238 4099 319 4160 tenet,
338 4093 391 4144 tert
405 4107 470 4144 vero
486 4089 662 4144 indumentum
678 4090 789 4158 nigrum,
810 4091 880 4159 qnod
896 4089 1029 4144 horontium
1047 4085 1201 4157 appellatur,
1220 4095 1249 4140 et

157 4161 292 4228 rnandyam
310 4159 405 4214 coloris
421 4158 542 4213 violacei.
565 4165 605 4210 snt
620 4176 690 4214 noun
701 4158 859 4229 imperatrix
876 4166 949 4214 stans
966 4167 994 4210 et
1007 4157 1076 4225 ipsu,
1101 4163 1129 4208 et
1143 4161 1248 4208 susten-

155 4239 210 4284 tata
226 4230 348 4298 utrinque
365 4247 382 4282 a
399 4226 626 4300 propinquissimis
642 4229 777 4297 cognatis,
801 4227 825 4280 si
842 4234 929 4280 nutem
949 4223 1069 4292 cognatis
1092 4223 1247 4293 propinquis

156 4305 185 4352 et
198 4299 321 4368 genuinis
335 4309 440 4369 οοτεοε,
464 4297 601 4355 αιλαοαιιι
617 4295 759 4367 eunuchis,
776 4293 913 4356 descendis
929 4311 963 4350 ex
978 4289 1136 4362 anabathra,
1155 4299 1183 4344 ct
1198 4309 1246 4344 ve-
