2822 4684
490 301 536 370 IN
563 301 710 370 CODINI
730 301 813 368 CAP.
844 300 885 370 11.
1173 297 1245 380 189,

145 453 230 537 με’νος
246 459 365 520 ἔνδοθεν
381 459 522 524 Βασίλειος
538 451 588 534 ἦρε
605 455 656 524 τός
671 461 744 526 κλεῖς
759 460 812 516 rod
828 457 966 516 παλατλου
990 452 1038 514 ἐπὶ
1060 460 1168 530 χεῖρας,
1195 457 1247 515 uui

147 537 184 607 τῇ
201 532 297 600 totae,
309 528 464 601 Γρηχόριον
480 526 531 589 τόν
547 525 740 600 ἐπιλεγόμενον
754 532 806 586 τοῦ
824 525 979 601 Φιλήμονος
995 523 1106 598 iactans
1123 531 1260 584 παπίανυ

148 622 206 658 eum
222 604 247 656 in
264 602 360 674 palatio
375 602 524 669 habitasse,
552 608 579 655 et
598 601 699 654 facilem
722 601 869 672 imperatori
892 600 926 651 ad
943 599 997 652 eius
1013 599 1100 652 sedem
1116 617 1248 656 accessum

146 673 241 741 fuisso,
263 677 352 724 narrat
374 671 506 724 cedrenus
532 669 559 722 in
583 670 672 722 Leone
690 671 819 726 Armenio.
854 674 984 721 caeterum
1002 668 1120 738 pappiam
1137 669 1180 722 vel
1196 687 1246 740 pa-

146 743 217 812 piam
233 741 363 806 scribere,
383 756 416 792 ne
431 755 545 792 morarer
561 738 587 791 in
605 755 634 791 re
649 738 741 792 nuliius
759 738 894 803 momenti,
911 737 970 790 mihi
987 755 1039 791 sem
1059 755 1088 789 er
1106 755 1151 806 pro
1167 739 1245 792 verris

146 811 294 930 auctorpbus
313 815 359 862 aut
375 808 561 879 exemplaribus
580 808 686 878 perinde
703 807 767 875 fuit,
784 823 833 860 ceu
849 805 976 876 negotium
989 806 1015 860 iu
1032 755 1165 860 ‹iiscrimeo
1176 807 1245 860 haud
1306 815 1309 824 '
1357 824 1358 832 ¹

147 895 228 934 vocar
247 896 298 931 nm.

234 965 292 1018 .1o
307 978 335 1018 v.
350 961 378 1016 3.
401 956 417 1012 ὁ
435 953 553 1030 ἔπαρχος
573 965 721 1030 praefectus
739 961 819 1016 artis.
853 959 961 1014 Nicetes
984 959 1011 1014 ia
1031 959 1123 1015 Alexio
1140 961 1158 1016 3
1174 959 1192 1014 l.
1211 963 1244 1015 Se

147 1028 188 1094 εἰς
204 979 233 1084 di2
248 1028 372 1100 ἔπαρχον
386 1031 437 1099 τῆς
451 1030 592 1101 βασιλίδος
608 1029 799 1101 σχηματίζεται
815 1026 930 1090 πόλεως.
966 1029 1099 1085 cedrenus
1115 1029 1142 1083 iu
1155 1029 1245 1084 Theo-

146 1101 232 1172 phila:
250 1095 266 1154 ὁ
285 1096 404 1168 ἔπαρχος
419 1095 450 1152 ἐν
466 1100 539 1152 θεοῦ
555 1096 604 1152 καὶ
619 1099 671 1153 rori
688 1095 821 1170 βασιλέως
835 1094 1023 1168 χαληνότητος
1033 1093 1065 1151 τό
1078 1097 1182 1166 κρίνειν
1193 1101 1243 1152 λα-

100 1219 105 1230 ,
148 1166 206 1242 βών
222 1167 271 1224 ναὶ
287 1171 346 1230 τοῖς
366 1171 519 1230 πολιτικοῖς
539 1165 698 1238 χρήσασθαι
719 1163 830 1237 νόμοιςε
860 1185 891 1220 ex
916 1185 967 1237 quo
992 1161 1143 1237 ἐπαρχινόν
1168 1167 1244 1244 βῆμα

146 1239 216 1362 iiii
231 1236 1244 1375 ¹tttmi³td¹ttif⁰tatt{tottiiditet³0⁰dtttttttt3

146 1377 275 1430 Elementi
289 1376 324 1428 lt.
343 1394 367 1429 c.
384 1376 432 1431 15:
460 1369 582 1446 ὕπαρχοι
606 1370 639 1430 di
656 1374 783 1444 λέγονται
800 1371 831 1430 ολ
845 1375 901 1429 τῶν
919 1368 1245 1444 ἐπαρχιῶνέξολρχοντες,

148 1441 268 1515 ἔπαρχος
285 1440 350 1498 did
377 1445 428 1512 τῆς
453 1441 781 1506 Κυνσταντινουπόλεοις.
816 1445 875 1498 hinc
892 1445 1024 1497 obscurior
1046 1443 1155 1496 cedreni
1172 1445 1245 1496 iocus

145 1515 173 1567 in
190 1516 285 1568 Iustino
302 1517 320 1568 2
339 1515 420 1568 lucem
438 1516 548 1584 accipit,
567 1520 593 1567 et
608 1515 742 1583 eparchum
759 1513 914 1584 hyparchum
931 1513 988 1565 fieri
1004 1511 1082 1565 intelli
1102 1511 1181 1566 imus:
1197 1509 1246 1565 aui

146 1579 163 1636 ό
182 1578 252 1652 irrep
271 1601 302 1644 ος
320 1579 374 1652 ἔφη
390 1582 430 1654 τῷ
448 1583 557 1653 βασιλεῖ
569 1579 655 1652 “νῦν,
672 1579 804 1651 δέσποτα,
821 1577 890 1648 ὅπερ
905 1576 1063 1652 ὑπεσχόμην
1075 1529 1245 1636 iturusne?

147 1651 196 1705 ιιοιλ
213 1648 228 1706 ό
248 1604 372 1722 dorstado
387 1651 534 1718 πατρίαιον
551 1645 637 1705 αὐτόν
656 1645 768 1718 ἐποίησε
784 1649 832 1704 καλ
849 1645 975 1719 ὕπαρχον
991 1647 1069 1719 με’χρι
1086 1650 1182 1713 τέλους
1197 1649 1249 1718 τῆς

148 1721 219 1788 ζωῆς
235 1715 338 1786 αὐτοῦ,
365 1719 424 1790 quia
440 1719 556 1773 nimirum
569 1719 716 1790 provinciae
732 1720 774 1772 vel
791 1719 861 1773 urbis
876 1719 980 1773 ulterius
997 1717 1139 1789 praesidem
1158 1719 1246 1772 officio

147 1807 199 1842 non
216 1789 381 1842 amovendum
400 1789 541 1843 coustituit.
574 1788 617 1841 sei
641 1805 673 1841 ue
696 1788 845 1856 dignitatem
863 1787 916 1840 eius
932 1788 976 1858 qui
993 1787 1131 1858 praemium
1148 1805 1248 1842 merue-

147 1865 191 1912 rat
208 1857 363 1912 imminutam
379 1857 520 1924 affirmem,
533 1857 666 1926 praetorio
679 1861 842 1926 praesectum
859 1856 946 1910 eadem
963 1874 1028 1910 voce
1043 1856 1159 1910 denotari
1175 1874 1248 1910 usse-

147 1943 212 1981 ram.
234 1925 418 1996 Theophanes
434 1925 461 1977 in
476 1925 578 1978 Leones
602 1920 743 1981 ἐκέλευσεν
765 1920 780 1980 ό
800 1919 925 1996 βασιλεὺς
941 1918 1127 1990 ἐξετασθ”ναι
1141 1920 1247 1979 'locaui-

148 2012 211 2049 σοον
228 1989 306 2060 παρὰ
325 1995 365 2066 τῷ
381 1987 495 2066 ὑπάρχῳ
513 1995 569 2048 τῶν
585 1994 761 2118 reposceretur
777 1987 807 2048 ἒν
825 1945 1125 2060 Κωνστανρινουπόλει.
1159 1995 1184 2046 in
1203 1995 1248 2046 lu'-

149 2065 231 2117 stine:
248 2059 299 2117 τόν
313 2059 430 2115 Ἀπίωνα
446 2063 592 2130 πατρίκιον
622 2063 737 2131 ποίησεν
750 2056 878 2130 ὕπαρχον
894 2063 1078 2130 πραιτωρίων.
1113 2063 1140 2115 in
1156 2062 1248 2116 Thec-

149 2134 220 2185 dosio
244 2134 359 2184 seniorer
390 2125 440 2186 τόν
463 2124 591 2200 ὕπαρχον
613 2127 779 2200 ἐφόνευσαν.
822 2133 979 2184 flozomenus
1000 2131 1067 2183 hunc
1089 2125 1246 2200 ἡχοόμενον

148 2203 205 2255 τῶν
221 2197 283 2254 τότε
300 2193 378 2268 παρὰ
392 2203 451 2261 τοῖς
463 2198 606 2268 Ἰλλυριοῖς
621 2201 795 2267 στρατιωτῶν
810 2201 915 2253 asserite
934 2217 983 2268 ego
1000 2204 1131 2268 praetorio
1143 2202 1247 2270 illyrici

147 2275 309 2342 praefectum
325 2270 639 2354 commodeuipterpretorr
664 2268 719 2354 eius
736 2269 874 2353 animarat
892 2268 966 2321 indos
983 2269 1247 2354 Thessalonicensium

148 2339 439 2475 ttdtadttttt
453 2337 1245 2478 tit*sittatzittaftdtmaitttitttt‘tiittt

148 2478 291 2531 simocatta
308 2480 325 2532 8
342 2479 372 2530 8:
391 2475 513 2545 ἔπαρχον
525 2474 579 2544 τὴν
595 2471 747 2564 ἡγεμονίαν
762 2477 819 2531 τοῖν
834 2476 934 2545 φόρων
951 2477 1000 2545 τῆς
1016 2469 1088 2546 ipius
1099 2473 1154 2543 πρό
1169 2493 1245 2538 τινος

147 2547 250 2611 corpori
265 2541 324 2598 οἷπό
340 2563 416 2607 τινος
431 2546 532 2613 ιιοιιροῦ
548 2541 713 2615 docuinam,
729 2539 764 2600 όν
779 2544 900 2615 ἔπαρχον
910 2545 1086 2614 πραιτωρίων
1097 2541 1243 2614 ὀνομάζειν

149 2610 285 2668 εἰώθασιν
301 2610 332 2668 οἱ
342 2611 485 2682 Ῥωμαῖοι.
521 2609 647 2683 ὕπαρχον
673 2614 771 2668 demum
796 2632 841 2684 pro
859 2614 929 2668 urbis
945 2616 1079 2684 praesecto
1097 2616 1244 2668 sumendum

148 2684 227 2738 semel
242 2683 303 2736 mihi
319 2683 388 2754 apud
404 2683 585 2753 Theophanem
603 2685 744 2738 occurrisse
758 2701 809 2737 non
826 2683 956 2749 diffiteor,
972 2683 1015 2736 ubi
1032 2684 1065 2737 de
1079 2683 1167 2738 Phoca
1178 2683 1244 2738 scri-

148 2753 212 2822 psitr
230 2745 382 2822 ἐπέτρεψεν
396 2749 531 2806 Κώνσταν
546 2748 597 2807 τόν
611 2747 739 2824 όπαρχον
753 2755 804 2823 τῆς
820 2749 934 2815 πόλεως.

232 2861 261 2919 p·
276 2843 317 2905 10
330 2860 357 2900 v.
371 2839 399 2904 4.
435 2841 741 2920 Magnus-drungarius
760 2846 814 2921 τῆς
834 2843 949 2923 βίγλης]
972 2841 1114 2902 detortum
1134 2859 1169 2900 ex
1185 2837 1244 2900 La-

149 2926 208 2985 tino
224 2927 334 3004 ur‘gr'iic.
362 2927 557 3008 ὃρουχχόριος
577 2929 625 3005 qui
648 2929 732 2988 etiam
748 2921 951 3009 όρονχχόρχς,
978 2922 1060 3010 παρα
1077 2923 1110 2989 τό
1138 2927 1246 3008 δροῦχ·

85 3075 88 3081 ,
148 3029 218 3094 por:
241 3011 360 3090 drungos
374 3013 475 3089 globus
491 3013 625 3086 miliorum
646 3031 701 3072 vox
716 3033 768 3072 nec
779 3010 889 3073 Latinis
911 3014 1017 3092 ignota.
1057 3011 1195 3092 Vopiscus
1215 3013 1245 3077 in

148 3095 314 3156 Aureliano:
335 3102 446 3157 ominium
455 3104 574 3174 gentium
589 3099 703 3175 drungos
721 3119 804 3179 usquc
820 3100 858 3158 od
872 3103 1067 3178 quinquagenos
1081 3099 1196 3158 domines
1216 3102 1245 3170 tn

148 3182 405 3258 triumphatorium.
426 3183 475 3241 uhi
489 3184 691 3242 casaubonus:
709 3188 738 3244 ιἰι
758 3189 864 3244 tecticis
881 3186 1039 3244 Graecorum
1061 3183 1137 3244 utos
1161 3185 1246 3242 urrais

149 3265 279 3325 manto
294 3267 407 3326 militum
420 3269 572 3348 appelletur
585 3270 745 3350 δροόχχος,
759 3273 814 3328 αὐτ
831 3270 950 3348 plurium
965 3271 1020 3327 siue
1039 3273 1119 3328 etium
1134 3271 1245 3348 paucis-

147 3355 287 3410 simorum:
301 3359 394 3411 namet
402 3358 454 3412 tres
467 3359 517 3414 out
530 3360 655 3432 quattuor
667 3353 799 3431 drangum
808 3355 930 3434 faciunt.
943 3353 1004 3412 inde
1019 3359 1057 3412 est
1075 3350 1245 3436 dpooyysosi

147 3428 327 3512 τάττεσθαι,
345 3438 414 3515 quod
425 3437 582 3500 Mauricius
592 3443 732 3518 imperator
746 3437 845 3502 libret
866 3443 972 3518 opponit
991 3441 1029 3522 τῇ
1048 3440 1148 3522 μακρᾷ
1161 3432 1245 3512 suites

148 3527 175 3581 ct
192 3523 419 3600 contiuuocctquc
437 3527 466 3583 iu
485 3525 593 3602 longum
612 3530 748 3604 porrectae
764 3527 842 3586 aciat
859 3525 923 3583 vide
940 3521 1096 3600 Rigaltium
1112 3524 1143 3582 in
1159 3523 1245 3582 Glos-

147 3606 224 3694 sario
243 3624 270 3665 v.
290 3605 444 3690 δροόχχος.
465 3607 648 3669 Leunclavius
662 3609 831 3670 macarium
850 3615 934 3668 vocat
953 3615 1093 3684 atruneo,
1116 3629 1136 3668 a
1149 3609 1245 3668 domito

148 3694 304 3768 regimme,
326 3693 431 3752 bartone
446 3694 488 3753 del
503 3699 681 3774 reggimcntm
698 3695 880 3772 magistratus
899 3694 1018 3772 insigni3
1034 3712 1086 3754 nec
1098 3694 1244 3780 pauciores

148 3777 250 3836 milites
263 3775 337 3835 mille
351 3797 403 3837 nec
423 3779 516 3856 plures
533 3778 618 3846 4000
638 3799 690 3838 suo
711 3767 851 3840 druncario
869 3779 995 3857 subiicit,
1013 3780 1043 3838 in
1060 3779 1149 3839 altero
1164 3780 1244 3839 Ono-

148 3862 281 3940 mastico,
303 3865 381 3938 quod
393 3865 536 3934 Historiae
551 3865 789 3926 Musulmanuicae
801 3866 934 3924 adiunxit.
952 3883 1048 3924 verum
1068 3867 1138 3924 haec
1151 3865 1244 3942 exigui

148 3948 281 4026 ponderis
295 3955 377 4026 sunt,
400 3947 433 4030 1)
447 3952 515 4027 quia
533 3952 656 4029 drungos
667 3971 722 4012 vox
743 3952 861 4028 antiqua
885 3957 944 4027 est,
964 3969 1022 4009 non
1039 3969 1129 4030 nuper
1153 3951 1183 4009 in
1198 3967 1244 4008 re-

149 4034 272 4092 centiore
293 4033 411 4094 Graecia
430 4043 515 4114 nata,
535 4035 571 4117 2)
591 4036 656 4114 quia
670 4039 837 4097 recentiores
853 4036 953 4095 Graeci
967 4037 1075 4112 virgam
1091 4053 1142 4094 seu
1157 4034 1242 4093 baou-
1300 4053 1304 4066 ·

148 4116 207 4178 lum
220 4119 279 4178 eius
293 4121 341 4196 qui
354 4122 522 4199 mam'stratu
535 4121 631 4182 bellico
644 4123 772 4202 fungitur
785 4142 842 4183 non
859 4126 960 4181 vocant
978 4120 1105 4179 decocunt
1122 4119 1174 4177 sed
1195 4121 1242 4182 dt·

147 4203 286 4268 νιανίιιιου
295 4204 340 4263 vel
351 4213 508 4287 sceptrum,
530 4209 564 4290 3)
575 4209 641 4284 quia
650 4209 803 4268 reclamant
816 4209 909 4269 tactici
922 4204 1082 4282 scriptores,
1099 4203 1241 4264 Constan-

147 4289 224 4348 tinus
236 4291 273 4350 de
286 4289 314 4352 T
314 4291 485 4384 domatibus,
497 4291 559 4358 Iseo
575 4295 606 4366 in
621 4295 680 4356 suis
694 4294 834 4375 Tacticis,
849 4291 999 4380 Manncius
1013 4288 1162 4368 500θέῑῦ
1175 4294 1197 4358 2
1210 4295 1243 4377 32
