2822 4684
514 289 563 362 m
582 289 732 360 comm
763 265 849 361 clu.
870 291 929 360 ur.
1203 297 1279 368 aas

258 471 287 534 p·
302 451 342 518 14
356 470 382 513 v·
397 455 447 520 18.
478 453 689 540 sepelienda
701 475 756 520 vox
770 477 789 519 a
801 454 906 520 Latino
919 457 1040 520 caballos
1053 458 1129 538 ficta,
1145 460 1278 539 frequens

173 539 204 598 in
218 537 273 598 hoc
292 559 386 617 opere.
407 541 521 602 additur
543 543 712 622 explicatio,
733 539 799 622 ἥως
821 539 952 627 ἱππνάῃ,
975 545 1072 623 quales
1095 546 1277 610 barbararum

172 625 325 685 dictionum
347 625 546 706 explicationes
568 629 673 689 multae
688 635 837 688 occurrunt
856 630 886 689 in
905 631 1032 706 Codin03
1057 636 1089 689 ut
1105 631 1190 710 paulo
1208 641 1276 694 ante

171 703 290 789 κάμπος
309 706 375 790 ἥως
387 712 503 776 πεδίον.
524 714 643 774 uecscio
655 733 723 772 num
735 715 794 774 sint
807 714 844 774 ab
854 720 969 776 auctore
983 735 1020 776 an
1033 735 1052 776 a
1063 717 1190 776 librariis.
1210 715 1274 800 ἥως

170 795 331 855 recentioris
352 796 486 856 Graeciae
506 800 638 858 floscultrs
654 805 714 877 est,
736 819 789 877 pro
803 796 835 880 ἤ.
855 802 952 880 primis
964 802 1056 861 verbis
1069 803 1151 860 huius
1165 806 1272 864 numeri

170 881 244 940 forte
269 882 364 960 aptior
386 884 525 961 scriptura
545 892 637 946 esset:
658 881 777 960 πεζεάετ
799 883 999 966 discredens,
1028 887 1061 951 ἐν
1087 879 1113 974 pi
1134 881 1174 950 άν
1188 883 1272 975 τόπῳ

168 962 330 1048 προστάξει
343 971 431 1030 τοῦτο
445 961 462 1031 δ
474 965 624 1047 βασιλεύς.

244 1069 292 1130 δά.
314 1087 340 1128 v.
361 1071 408 1132 16.
431 1063 624 1152 σκοράνοκον]
646 1067 743 1128 lunius
752 1069 858 1150 pellam
870 1070 956 1130 vertit
971 1067 1015 1130 vel
1033 1069 1126 1132 lesan
1142 1078 1168 1132 et
1179 1075 1284 1152 stum.

127 1221 131 1228 ,
169 1161 221 1214 tem
234 1159 341 1230 tegern
359 1153 475 1230 eiusque
487 1155 615 1216 vocabuli
636 1156 741 1217 natalia
754 1155 791 1214 ab
813 1154 937 1233 Assyriis
958 1157 1068 1234 repetit
1094 1177 1149 1234 ego
1168 1175 1272 1219 nomen

169 1239 308 1298 Graecum
327 1239 502 1298 retinendum
522 1260 640 1317 censeo,
661 1246 721 1298 tam
738 1240 784 1300 lric
805 1257 890 1316 quam
911 1240 993 1317 alibi,
1011 1246 1070 1299 tam
1083 1243 1113 1300 in
1128 1243 1171 1300 his
1186 1261 1272 1318 qnam

168 1323 197 1382 in
212 1323 271 1385 aliis
284 1325 315 1382 id
337 1343 427 1402 genus
449 1326 605 1404 vocabulis,
624 1327 739 1402 quando
760 1325 867 1385 nullum
888 1323 1022 1384 Latinum
1045 1328 1172 1406 suppetit
1192 1332 1271 1404 qnod

166 1409 223 1468 vim
242 1409 312 1468 satis
332 1411 477 1488 exprimat.
501 1413 575 1470 forte
601 1416 765 1470 tentonicam
794 1415 838 1470 est
865 1431 882 1469 a
904 1411 1007 1488 Sarra,
1033 1411 1087 1470 hoc
1111 1418 1156 1472 est
1178 1411 1268 1489 Tyro.

166 1495 330 1558 Sidonius8
346 1499 381 1560 6¹:
403 1495 534 1556 Samaeis
547 1497 621 1556 ebn'c
629 1495 713 1574 fucis.
727 1495 775 1554 ubi
789 1497 913 1557 Savaro:
931 1497 1077 1570 Sarranis,
1100 1497 1188 1557 idest
1206 1497 1233 1556 T
1234 1519 1268 1575 y-

162 1581 225 1639 riis:
241 1579 337 1656 Tyrus
350 1581 424 1638 enim
438 1581 530 1642 insula
539 1583 616 1660 prius
632 1583 721 1642 Sarra
734 1582 817 1642 dicta.
838 1581 952 1640 Servius
972 1588 1002 1640 ct
1022 1581 1101 1640 Festi
1120 1582 1267 1660 Epitoma-

162 1665 231 1724 ste's.
260 1666 336 1723 unde
361 1665 513 1726 Senonum
539 1673 637 1725 ostrum
662 1666 787 1744 Virgilio.
822 1669 875 1725 sed
895 1683 931 1724 cn
954 1666 1060 1724 fulmen
1078 1687 1098 1726 a
1121 1667 1268 1747 Glossario

164 1749 303 1808 Graecob.
323 1750 395 1828 cpnd
407 1749 536 1810 Codicum
548 1752 618 1810 mule
632 1769 730 1830 seraper
744 1746 930 1833 σκοράνιτον
950 1749 1064 1828 legitur:
1084 1755 1193 1812 restitue
1205 1756 1267 1812 abi·

164 1855 214 1913 qne
233 1831 457 1914 σκαράμάγκον.
487 1834 726 1914 obtemperarem,
747 1836 801 1894 uisi
823 1853 975 1895 consensus
995 1855 1053 1894 mss
1073 1837 1200 1896 codicum
1219 1857 1266 1897 me

162 1919 336 1978 retraheret:
365 1937 432 1978 nam
457 1937 551 1996 neque
573 1921 680 1980 lunius
694 1921 725 1978 in
744 1922 803 1980 suis
823 1939 917 1997 neque
944 1940 998 1998 ego
1017 1921 1048 1978 in
1073 1922 1214 1980 Bavaricis
1234 1930 1265 1982 et

161 2005 353 2064 Lautlreriano
377 2003 432 2063 hcc
452 2000 664 2087 σναράμνγκον
682 2006 842 2084 reperimus.
871 2013 991 2081 uterque
1013 2005 1165 2066 Bavaricus
1182 2026 1264 2086 prae-

160 2091 217 2150 fert
232 2089 345 2165 quidem
359 2084 540 2172 σκαράνιον,
561 2092 635 2151 facili
655 2093 739 2171 lapsu
757 2091 859 2152 librarii
879 2115 900 2154 π
924 2092 1092 2152 emittentis:
1121 2093 1174 2151 sed
1193 2095 1263 2169 quid

161 2169 328 2258 σκνράνιον
342 2177 379 2234 ad
391 2169 626 2258 cacpdpcyaov?

230 2267 411 2342 σναοάνινον]
436 2292 492 2328 cum
521 2273 553 2327 da
580 2274 624 2330 illc
653 2267 812 2344 frequentior
840 2278 958 2328 occurret
983 2287 1085 2336 sermo,
1109 2271 1263 2326 commodius

158 2343 225 2484 ppfpp
242 2341 420 2400 declarabitur.
453 2343 513 2398 vide
526 2344 626 2400 iuterim
641 2345 744 2398 tertiam
760 2345 794 2398 ab
812 2345 861 2398 bec
887 2349 989 2409 noum,
1014 2342 1056 2398 cni
1078 2340 1166 2395 titulus
1191 2341 1261 2413 ταβ-

177 2431 196 2466 οι
216 2428 271 2466 ιον.

227 2499 291 2557 ibid.
307 2493 504 2566 χρυσοχοϊκόν]
521 2513 621 2552 sensum
637 2498 758 2567 percipe;
785 2515 833 2552 nec
850 2498 939 2552 illitum
961 2494 1052 2562 modo,
1077 2494 1123 2550 sed
1145 2498 1173 2548 et
1197 2511 1261 2548 enro

157 2566 240 2621 solido
256 2565 379 2620 'conflatis
400 2566 532 2619 monilibus
550 2583 650 2622 asseres
668 2567 843 2620 circumfusum
860 2576 887 2620 et
901 2565 1046 2618 distinctum
1057 2563 1259 2634 despotaeceo-

158 2633 290 2702 priusnos:
307 2630 425 2703 λιθάριοι
441 2651 559 2704 namque,
577 2635 621 2705 qui
638 2653 689 2689 uon
706 2636 812 2690 uniones
825 2636 872 2690 sed
889 2633 966 2707 lapilli
983 2639 1042 2686 eunt
1059 2633 1174 2702 pretiosi,
1192 2649 1259 2684 non-

156 2705 206 2758 nisi
223 2723 302 2774 opere
319 2704 401 2757 solide
420 2712 555 2772 connato,
580 2704 651 2757 cuius
667 2703 819 2775 χρυσοχόος
841 2711 882 2758 est
904 2708 1009 2768 auctor,
1033 2701 1129 2754 includi
1152 2706 1260 2771 possunt

157 2781 185 2827 et
203 2775 326 2839 detineri,
344 2791 376 2828 ac
391 2773 490 2828 demum
506 2780 628 2827 externae
644 2775 726 2839 vesti,
749 2773 831 2844 qualis
848 2769 1018 2838 οταοάνιτιον
1034 2775 1092 2836 est,
1120 2787 1166 2838 per
1183 2769 1258 2823 veria

155 2844 241 2913 spatis
258 2842 375 2912 respergi
393 2849 420 2896 et
436 2843 533 2896 consui.
568 2843 787 2911 Sandionysiacus
804 2843 884 2896 codex
902 2842 1038 2912 palmarem
1061 2839 1163 2894 limbum
1185 2855 1258 2907 genr-

155 2913 205 2968 mis
223 2919 250 2966 ct
266 2913 376 2984 lapillis,
394 2918 423 2965 ut
441 2918 564 2983 apparet,
584 2912 681 2966 varium
699 2913 755 2965 eius
773 2912 840 2968 vesti
858 2909 984 2980 appingit.

222 3000 286 3051 ibid.
321 2995 449 3068 Μάριοι]
467 2997 527 3050 vide
543 2996 729 3065 degenerantes
743 2997 770 3049 in
786 2995 932 3050 barbariem
947 3009 1024 3047 voces
1041 2994 1105 3058 has,
1129 2986 1256 3060 λνδάριοι,

153 3062 373 3135 perproperabat,
391 3075 435 3133 et,
451 3066 484 3119 de
500 3066 591 3136 quibus
608 3083 697 3136 nuper,
715 3063 873 3136 χολινάρια.
909 3080 1008 3136 paucae
1024 3069 1084 3117 eunt
1099 3079 1132 3115 cx
1148 3062 1256 3114 immen-

153 3151 201 3204 so,
217 3151 293 3204 quem
309 3141 390 3188 tumet
404 3151 553 3204 recenseas,
574 3151 687 3190 numero.

238 3223 277 3282 il·
298 3243 324 3284 v.
345 3228 392 3288 17.
413 3217 596 3305 ναββάδτον]
616 3223 745 3284 scribitur
761 3225 846 3284 ctiam
859 3214 1028 3304 καββάδης,
1042 3217 1253 3304 κνββοιδίττον,

153 3301 315 3388 ναββάδιν.
333 3307 445 3368 -lunius
469 3309 671 3386 interpretatur
692 3314 812 3370 tunicare
839 3309 993 3368 bmcrctcm
1016 3310 1043 3366 et
1067 3322 1175 3384 purum.
1202 3305 1254 3364 sed

153 3394 294 3451 Graecum
304 3395 479 3452 retineamus.
521 3392 713 3471 Glossarium,
732 3414 759 3453 v.
779 3387 898 3473 τάμβο,
919 3384 1172 3469 marseppiam
1191 3408 1255 3448 esse

152 3478 346 3536 diminutivum
365 3473 499 3560 οκάμβα
513 3477 558 3538 vel
574 3476 694 3559 κάββαε
715 3485 865 3555 utrumque
885 3477 959 3536 enim
980 3475 1095 3533 Graecis
1114 3475 1254 3553 usurpari,

151 3564 224 3622 sicut
249 3557 440 3645 pepercimus,
470 3569 501 3624 et
525 3557 715 3646 μαππάρτον,
740 3556 910 3645 τνμπάριον
928 3567 958 3620 et
971 3556 1149 3642 ταππάριον.
1177 3561 1252 3618 forte

149 3650 266 3708 tandem
280 3649 381 3708 existet
395 3649 443 3725 qui
457 3669 475 3708 a
488 3649 609 3709 chbcdc
618 3669 684 3726 rege
697 3649 846 3708 Persarum
862 3647 997 3726 originem
1013 3650 1069 3710 τοῦ
1079 3645 1249 3726 τοιββαδίον

149 3740 244 3814 petat,
266 3753 328 3793 cnm
341 3738 513 3794 scoram'canr
525 3735 683 3796 ccbbcdiam
697 3741 727 3793 et
736 3735 900 3812 pbcccoliarn
920 3733 956 3792 ab
971 3730 1093 3808 Assyriis
1106 3734 1143 3790 ad
1158 3730 1248 3789 Grae-

149 3840 199 3878 cos
213 3821 350 3898 venerint,
366 3827 401 3878 ut
412 3821 486 3880 infra
501 3839 536 3880 ex
550 3821 660 3879 Codino
676 3822 814 3879 discemus
828 3840 851 3878 c.
867 3823 895 3883 6.
917 3817 1061 3896 probabile
1077 3824 1121 3877 est
1135 3814 1249 3873 formari

149 3900 317 3985 καββάδιον
335 3903 467 3964 aLatinc
484 3924 577 3984 coppo.
601 3905 674 3966 infra
697 3907 766 3983 quid
783 3905 820 3964 sit
839 3899 1006 3985 καββάδιον
1024 3903 1175 3982 explicatur
1197 3899 1247 3958 ad-

150 3991 209 4050 dita
225 3991 278 4050 hac
294 3991 404 4070 exegesi
424 3983 592 4072 καββάδιον
605 3987 669 4070 ἤοος
680 3988 713 4053 cri
727 3986 831 4054 ἐπάνω
845 3989 959 4070 ἔνδυμα
972 3983 1105 4052 πάντων.

218 4089 347 4144 Occurrat
368 4106 544 4160 nonnunquam
565 4105 615 4142 uno
639 4087 657 4160 β
680 4088 817 4156 minutum,
838 4084 993 4159 νοβάδιον,
1021 4086 1064 4140 vel
1093 4084 1170 4138 etiam
1197 4099 1246 4136 err·
1351 4097 1356 4106 ·

148 4163 230 4212 bema
246 4159 349 4228 syllaba
372 4177 419 4232 pro
443 4165 563 4229 corrupto
587 4157 705 4227 loquendi
731 4175 779 4211 usu
800 4165 960 4226 truncatum,
985 4151 1099 4225 κάβάδι.
1123 4151 1184 4220 quid
1211 4151 1245 4203 sit

147 4225 254 4297 exponit
274 4229 376 4283 Pontus
398 4229 424 4284 in
453 4227 564 4284 Lexico:
592 4223 697 4298 ναβάδι
721 4224 859 4296 τήβεννον,
890 4221 1039 4296 sidereos,
1059 4219 1153 4290 σάγος.
1194 4220 1245 4274 du-

147 4295 240 4367 plicem
256 4297 282 4352 io
298 4300 416 4356 familiari
439 4315 556 4355 sermone
578 4296 715 4354 observari
737 4297 864 4363 sunau,
887 4293 1029 4350 interiorem
1053 4299 1082 4346 et
1105 4297 1243 4347 uternam.
