2822 4684
502 303 903 380 recensuisses.
963 289 968 303 ‘
1182 303 1251 376 ιυι

155 462 331 538 portaretur
348 464 525 538 Thomamqus
542 467 576 521 ab
594 467 681 521 eodem
699 466 788 522 Leone
803 460 944 537 ιουομυίογ
963 479 980 520 ν
1004 463 1056 520 rob
1103 457 1253 534 osheqcieou

154 531 293 620 τάγματος
307 533 446 588 institutum
462 535 578 620 legimus.
600 551 733 624 'successu
750 535 870 620 temporis
883 483 962 618 ,φυιί
1080 483 1102 590 L
1198 604 1205 618 ι

97 673 100 678 ¹
154 599 1255 745 illitall‘llrllllaiil‘tttltldlltllltltfllealitriisslllilli

152 742 206 796 cori
224 737 295 794 εἶναι
312 737 353 803 είς
369 734 422 808 τὴν
439 734 574 810 ἑταιρίαν.
593 760 626 796 ex
642 743 753 803 Scythia
770 741 902 812 siquidem,
920 740 1068 811 parentibus
1084 742 1146 794 licet
1160 741 1254 822 Maep-

154 811 277 874 domnus,
303 808 423 863 oriundus
449 820 506 863 erat
522 811 640 865 Basilius.
675 812 863 864 hetaerisrches
879 810 966 878 itaque
985 810 1081 863 exteris
1100 807 1160 862 belli
1178 823 1254 862 socrus

153 881 309 1002 preelectus,
325 884 354 930 ut
370 884 477 932 turmam
495 897 527 933 ex
544 880 663 932 militibus
679 880 759 932 variis
777 878 920 931 othonibus
937 878 1000 931 ortis
1019 878 1131 948 collegit,
1147 877 1185 930 ita
1195 877 1251 930 ice-

961 529 1055 602 ιοιίοοι
1092 553 1108 588 ιι
1129 527 1255 600 ἑταιρίας

171 949 250 1000 eretis
265 942 339 1000 sueri
356 943 497 1014 διαφόρου
514 946 563 1002 stul
580 949 729 1018 συμμιγοῦς
745 943 911 1016 φερομένοις
926 943 1075 1016 πλήθους,
1099 947 1137 998 ait
1160 946 1254 1012 Olym·

153 1016 276 1087 piodorns
293 1016 361 1086 apud
377 1016 505 1082 Photinm‚
523 1017 647 1072 succedit.
685 1016 751 1070 haud
763 1025 846 1070 umen
860 1015 974 1069 omuibus
985 1015 1141 1086 imperabat:
1160 1011 1255 1068 Franci

153 1085 219 1138 eninr
236 1083 439 1147 constabulario,
463 1085 576 1152 Barangi
599 1085 676 1154 Angli
692 1085 811 1139 acolutho
827 1091 879 1142 etc.
897 1087 1031 1156 suberunt.¹
1063 1083 1190 1154 reperitur
1207 1085 1254 1134 he-

152 1156 310 1207 taerierches
333 1154 416 1206 Perse
433 1153 522 1208 Persis
549 1153 699 1224 impuritano
724 1155 792 1223 apud
811 1153 924 1210 Leonem
941 1151 1141 1208 Grammaticnm
1157 1152 1182 1206 in
1199 1151 1253 1206 mt-

156 1223 245 1278 choslo
256 1221 403 1293 Theophili.
437 1223 499 1276 vide
515 1221 689 1278 cmueosssi
709 1228 724 1282 1
742 1226 787 1280 20.

236 1328 321 1413 γι10
335 1345 360 1386 v.
375 1330 403 1391 6.
435 1323 558 1406 Magnus
584 1325 780 1408 charhdarins]
806 1326 937 1391 scribitur
962 1327 1047 1388 etiam
1070 1319 1253 1408 γαρτουλλά-

152 1433 231 1492 (νιος,
252 1411 385 1472 nehesta
409 1413 508 1490 utique
523 1414 636 1473 nomine
652 1413 755 1487 duclo;
781 1415 881 1492 quiet
903 1415 934 1474 in
955 1413 1085 1491 ecclesia,
1112 1415 1253 1488 utsupra

151 1497 341 1574 meminimus,
362 1502 392 1556 et
410 1497 440 1556 in
460 1497 542 1577 aula,
562 1501 596 1558 ut
615 1499 669 1558 iste
695 1499 732 1558 de
750 1517 807 1576 quo
825 1499 855 1559 in
872 1499 1029 1580 praesenti3
1051 1515 1135 1574 quem
1156 1497 1250 1556 Zona-

151 1601 199 1642 ras
223 1583 252 1641 in
272 1579 370 1642 Leone
390 1580 511 1642 lseurieu
533 1589 617 1643 vocat
638 1588 699 1645 suiv
722 1585 888 1664 βασιλικῶν
905 1584 1006 1645 ἳππων
1028 1583 1248 1646 ἐπιστατοῦντα.

151 1672 214 1726 erat
230 1665 316 1726 etiam
330 1666 452 1743 dignitas
466 1666 639 1728 cubicularia.
657 1668 724 1728 hine
735 1667 855 1730 Novella
874 1668 1056 1734 slustiniani
1069 1663 1250 1746 γαρτουλλά-
1348 1689 1351 1697 ·

151 1773 217 1832 quoe
240 1753 302 1811 σοῖν
327 1754 423 1812 θείων
447 1745 615 1816 noredano.
647 1757 679 1812 et
704 1752 735 1811 in
760 1751 872 1814 Notitia
895 1753 1136 1812 consuetudinum
1161 1752 1250 1810 habes

150 1835 399 1916 γυροουλλαρίους
408 1839 463 1898 τοῦ
473 1838 563 1899 θείου
576 1837 800 1917 confluentino.
816 1835 998 1896 chartularius
1012 1833 1124 1894 bellicus
1133 1836 1249 1898 militem

151 1919 334 1996 conquirebat
350 1925 379 1980 et
392 1921 600 2002 conscribebat,
619 1928 652 1981 nt
662 1921 752 2002 liquet
764 1941 799 1983 ex
812 1922 968 1986 Coastes
985 1921 1088 1983 Leonis
1103 1920 1173 2000 Imp

221 2034 395 2103 scriniarios,
420 2034 502 2103 inquit
524 2035 663 2090 Meursins.
688 2037 796 2106 optimez
818 2051 875 2090 nam
898 2041 926 2088 et
947 2033 1154 2118 Etpmologicum
1174 2041 1250 2088 vetus

153 2103 322 2156 chartularios
344 2104 599 2169 commentarienses,
625 2105 734 2176 publicis
760 2104 840 2159 literis
863 2103 957 2158 tabulis
986 2103 1159 2156 instrumentis
1182 2102 1250 2158 ecri-

151 2170 241 2224 hendis
258 2179 285 2224 et
309 2173 479 2226 rehemndis
502 2173 648 2256 praefuisse
669 2174 753 2228 docet.
789 2179 818 2228 at
838 2189 894 2236 cum
916 2172 1001 2242 plures
1030 2189 1162 2224 numerare
1205 2188 1250 2224 os-

151 2241 187 2296 sis
204 2239 360 2304 huiusmodi,
388 2243 454 2294 huuc
467 2258 511 2311 qur
535 2257 625 2296 cursus
649 2243 762 2326 publici,
794 2242 846 2297 τοῦ
869 2235 953 2306 ὀξέως
977 2236 1100 2310 δρόμου,
1125 2241 1152 2293 in
1178 2189 1252 2294 gon·

150 2310 262 2366 mutino
279 2309 521 2380 Porphyrogeneta3
538 2311 614 2364 alium
631 2311 709 2364 dreini
727 2311 837 2366 cubiculi
848 2310 954 2365 Novell.
967 2311 1011 2374 25,
1026 2310 1079 2364 rori
1089 2309 1172 2364 θείου
1184 2327 1252 2365 νου·

153 2378 318 2448 haerteicis,
343 2379 387 2448 qui
412 2387 438 2434 et
462 2381 519 2433 cois
535 2381 624 2435 θυίων
635 2376 777 2436 socrdem
793 2381 820 2434 iu
836 2379 938 2448 Eclogs
954 2378 1008 2437 LL,
1026 2378 1119 2432 Leonis
1136 2385 1163 2430 et
1179 2379 1252 2431 Con-

150 2445 273 2511 stentlnh
297 2448 410 2516 magistri
434 2449 547 2518 equitum
571 2449 646 2502 elium
669 2450 702 2503 L.
723 2451 740 2504 6
759 2449 815 2503 cod.
840 2447 943 2502 Theod.
965 2447 997 2500 de
1013 2445 1105 2502 divers.
1124 2447 1203 2500 Ollio.
1222 2451 1251 2500 et

150 2515 284 2587 Apparito.
305 2525 332 2568 et
357 2517 443 2586 proha.
460 2519 477 2570 l.
495 2519 529 2582 83
554 2525 670 2587 quartum
695 2514 845 2585 Θεόδωρον
865 2512 917 2571 τὸν
933 2516 1063 2600 Χοῦγιοου
1079 2512 1250 2586 γαγτουλλιί-

149 2602 213 2652 γιον
230 2580 300 2638 ὄντα
316 2587 372 2640 τῶν
388 2581 595 2654 insontem
614 2589 682 2656 apud
699 2587 818 2641 Niceten
834 2588 855 2644 l.
872 2588 890 2641 3
906 2586 1014 2650 isaach,
1025 2593 1063 2652 xet
1075 2585 1142 2654 apud
1160 2585 1252 2637 Zona-

149 2671 204 2708 ram
223 2653 249 2706 in
266 2654 353 2707 Leone
367 2655 455 2708 lssnro
474 2655 623 2727 βασιλικῶν
636 2656 732 2710 ἵππου
754 2651 969 2720 lamoensium
998 2654 1025 2708 iu
1043 2655 1156 2708 exercitu
1174 2654 1250 2708 aliun

150 2723 194 2793 qui
211 2723 263 2775 roci
279 2719 420 2791 θέματος,
446 2741 478 2777 ex
501 2725 669 2778 Constantino
693 2725 720 2778 in
742 2725 875 2790 Tactieis3
901 2725 965 2776 alios
987 2739 1076 2792 megm
1102 2722 1250 2791 logothetae

150 2792 264 2846 subditos
280 2809 295 2842 s
314 2792 347 2844 od
364 2792 483 2846 Nicetam
500 2793 627 2847 Manoelis
644 2795 662 2846 l.
681 2799 713 2860 1,
738 2810 802 2864 qnos
829 2793 951 2846 describit
973 2786 1133 2860 ὑπουργοὺς
1154 2793 1250 2860 (λογο·

150 2857 253 2928 θέσαν)
271 2878 286 2914 o
339 2854 448 2929 ὀλίγους
463 2861 520 2914 τῶν
535 2859 721 2930 γραφομένων
734 2861 783 2916 sol
800 2857 969 2931 λεγομένου,
992 2859 1102 2930 λογίους
1126 2854 1248 2926 duoque,

151 2937 179 2982 et
194 2936 318 3000 quotquot
335 2929 396 2982 alios
413 2930 559 2983 scriniarios
576 2948 608 2984 ex
620 2933 718 3002 imperii
730 2931 819 2984 notitia
831 2930 986 2999 assignabise
1002 2930 1044 2982 hic
1057 2939 1142 2982 tamen
1153 2929 1249 2998 μέγας,

150 2997 184 3050 ad
201 3015 274 3068 quem
289 3007 390 3050 caetere
415 3001 587 3069 reserrentur,
613 3011 658 3054 aut
684 3001 728 3071 qui
754 3002 864 3069 reliquos
890 3001 985 3052 honore
1006 2998 1180 3067 praecederet.
1215 2999 1249 3050 do

132 3065 273 3119 'eeclesiae
297 3066 467 3132 chartulario,
490 3075 520 3120 nt
543 3069 647 3122 alterius
671 3069 784 3131 ordinis,
807 3069 841 3121 nil
864 3070 890 3121 in
915 3067 1050 3138 praesenti.
1084 3084 1173 3134 magno
1191 3067 1248 3118 huic

150 3135 279 3188 exercitus
301 3136 446 3188 commissos
469 3135 577 3204 legimus
601 3155 616 3191 a
636 3138 669 3192 ud
691 3139 810 3192 Niceten
834 3137 861 3190 in
883 3137 1005 3191 Manuale
1020 3136 1039 3191 l.
1056 3136 1089 3206 ³,
1114 3135 1140 3188 in
1156 3136 1247 3189 Alexio

149 3202 205 3256 eius
220 3203 294 3274 filio,
310 3203 337 3255 in
353 3205 450 3259 lsaseio
467 3207 566 3274 Angelo
583 3207 600 3264 l.
616 3157 644 3262 g.

878 3249 887 3282 l

234 3292 293 3350 Sed
304 3290 371 3368 quid
386 3291 416 3351 in
429 3290 555 3370 Legibus
570 3292 710 3354 Francieis
728 3293 782 3362 l.6
805 3293 864 3357 108
886 3287 959 3352 λονιο
978 3291 1178 3354 σίιοιλιιίοιίιυὲ
1197 3299 1246 3369 erl,

148 3375 242 3451 inquit
262 3375 395 3436 Pithoeus
414 3377 444 3436 in
465 3377 625 3456 Glossario,
645 3381 718 3439 buoso
739 3399 789 3458 per
816 3380 936 3438 omnam
956 3382 1012 3438 siue
1033 3398 1082 3456 per
1107 3379 1244 3458 epistularu
1260 3395 1282 3451 p
1300 3400 1350 3453 192

147 3461 216 3521 liber
233 3463 339 3541 factus.
360 3461 448 3520 utens
467 3463 640 3524 ecclesiastici
661 3470 754 3538 σουλ,
784 3465 824 3522 ait
846 3463 917 3522 alius
934 3463 964 3520 in
980 3463 1056 3520 notis
1081 3464 1119 3522 ad
1143 3463 1247 3523 Parae-

148 3565 248 3626 neses,
269 3547 364 3628 quibu
376 3547 578 3610 archidiaconus
598 3550 704 3609 iubebat
724 3550 806 3608 scribi
825 3547 933 3606 chartus
953 3548 1092 3608 tabuimus
1115 3553 1246 3612 υιίιειοιιλι

148 3653 196 3694 ceu
210 3635 431 3692 νιουαοιίιιίοιιίι.
451 3633 520 3693 unde
539 3635 701 3694 chartularii
709 3639 735 3693 et
752 3633 883 3694 tabularii
891 3636 1028 3695 nominati.

217 3747 256 3800 ib.
272 3763 300 3800 r.
316 3749 342 3804 7.
374 3740 391 3800 ὅ
410 3741 565 3817 incolens
577 3748 629 3801 τοῦ
645 3745 753 3817 δρόμον
768 3747 908 3802 rationalis
925 3763 1035 3815 cornu,
1058 3763 1171 3804 summus
1188 3766 1248 3802 cur-

149 3829 235 3868 sorum
248 3833 362 3885 precem.
397 3815 430 3868 de
448 3833 522 3869 cursu
539 3817 641 3888 publico
655 3818 799 3888 Procopius
815 3811 846 3870 ἐν
863 3811 1040 3879 tarnatenses
1065 3819 1179 3871 Romani
1195 3823 1246 3871 ins·

146 3893 283 3953 peratorer
304 3886 351 3954 qui
369 3892 449 3938 antec
454 3890 566 3954 summat
576 3888 680 3940 modurn
691 3889 873 3958 excogitarunt
887 3903 936 3954 quo
951 3895 1044 3938 cuncte
1054 3888 1103 3940 riti
1115 3905 1192 3956 quarn
1205 3905 1249 3941 es·

149 3949 510 4026 renumerationem,
532 3963 558 4010 ct
580 3965 612 4010 ut
622 3960 717 4010 scirent
731 3974 798 4026 quae
808 3957 902 4023 ubique
915 3955 983 4007 inter
995 3956 1080 4008 hortea
1092 3963 1246 4024 agerentur,

149 4029 178 4075 et
194 4025 217 4076 οἱ
236 4040 288 4091 qun
303 4024 332 4074 iu
350 4025 499 4078 ciuitatibus
510 4026 603 4079 reditio
614 4027 656 4080 uel
666 4027 730 4095 quid
740 4026 816 4080 eliud
827 4025 994 4093 improvisum
1008 4027 1194 4092 cprccrtdr'hus
1204 4027 1248 4080 uel

150 4091 227 4144 elisei
245 4091 467 4160 quomodocunque
478 4096 606 4160 oriretur,
628 4103 654 4149 et
668 4103 698 4149 nt
710 4113 800 4150 annun
811 4095 911 4149 tributa
922 4093 1044 4164 uelociter
1056 4100 1080 4144 et
1091 4100 1148 4146 tuto
1159 4100 1247 4144 λουσι-

148 4161 320 4216 mitterentur.
352 4163 485 4230 poblicum
502 4179 568 4234 ergo
586 4171 613 4218 ct
632 4167 738 4218 celerent
752 4165 880 4236 quendum
893 4162 986 4229 ubique
997 4177 1100 4213 currum
1111 4162 1158 4213 hoc
1170 4163 1248 4216 medo

148 4229 324 4286 irretitum-unt.
357 4231 415 4285 uiro
427 4233 545 4302 cupediis
556 4233 593 4285 cd
603 4233 654 4286 iter
665 4235 719 4288 dici
729 4236 855 4289 stationes
866 4234 1070 4293 constituerunt,
1091 4230 1248 4300 quandoque

147 4303 222 4367 oute,
244 4299 398 4373 quandoque
414 4303 565 4373 pronun,
588 4319 641 4360 ιιοιι
660 4309 749 4360 λοισι
764 4305 849 4360 nisae
866 4301 993 4375 quinquo,
1018 4289 1086 4368 ised
1101 4299 1248 4370 plurimun
