2802 4686
149 271 199 344 οο
463 270 612 340 οοοιοα
635 250 930 341 maorsmrls

113 449 137 506 0
255 439 564 511 Μετάτοῦτυτοίνυν
577 440 733 530 ἀνέρχεται
753 441 801 508 ἐπὶ
821 440 874 508 τόν
894 439 1043 528 τρίκλινον
1055 439 1109 506 τόν
1122 436 1247 527 λεγόμε·

151 571 204 614 νον
220 543 397 630 Θωμαίτην,
424 545 502 633 πρὸς
513 545 566 611 τὸν
579 546 804 631 Αόηυνστεῶνα
818 543 985 634 ἀφορῶντα
990 588 1001 626 ,
1031 541 1108 610 ὅπου
1121 543 1156 611 τό
1170 551 1249 629 πλῆ-

151 655 212 728 θος
226 646 307 714 ἅπαν
320 649 443 715 ἰ’σταται
454 649 531 730 μετὰ
545 652 601 714 τοῦ
616 645 786 736 φοοσάτοσ.

253 751 325 839 Πρὸ
337 757 393 817 rori
409 757 540 838 φανῆναι
556 743 609 816 οὖν
626 749 719 818 αὐτὸν
738 745 790 816 διά
810 774 892 827 τινος
905 754 966 816 τῶν
981 754 1196 835 συγκλητικῶν,
1221 741 1248 839 ᾧ

153 853 192 922 tir
206 851 338 932 ἐπιτάξαι
354 850 370 918 ὁ
386 849 547 936 βασιλεός,
571 852 726 942 ῥίπτονται
748 857 792 931 είς
812 852 865 918 τὸν
886 851 961 918 λαόν
981 851 1002 918 ἃ
1020 853 1157 938 λέγουσιν
1179 854 1274 920 ἐπι-5

154 954 279 1040 κόμςίια.
327 952 391 1024 ἔστι
407 957 440 1023 δὲ
454 963 599 1024 τοιοῦτον.
648 953 794 1041 τμήματα
811 958 846 1021 ἐκ
866 957 982 1022 πανίων
997 952 1172 1034 κόπτοντες,
1196 956 1249 1021 καί
1328 985 1334 1003 1·

154 1061 187 1126 dn
199 1056 316 1148 ἑκάστῳ
331 1056 467 1145 τμήματι
479 1061 652 1144 νομίσματα
661 1066 765 1147 χρυσοῖ
778 1059 834 1142 μὲν
847 1060 918 1147 τρία
932 1059 1052 1146 ἀργυροῖ
1066 1059 1099 1124 δὲ
1114 1063 1249 1156 roceium

155 1166 204 1230 καὶ
218 1164 288 1250 τρία
301 1163 335 1240 ἐξ
350 1162 468 1248 ὀβολῶν
479 1159 710 1252 περιδήσοντες,
731 1161 887 1251 ῥίπτουσιν
902 1165 945 1239 εἷς
963 1160 998 1226 τὸ
1020 1167 1151 1246 πλῆθος.
1202 1159 1251 1249 ῥί-

154 1289 263 1333 πτουσι
277 1265 311 1331 δὲ
325 1264 480 1346 τοιούτους
496 1267 688 1350 άποόίσμους
702 1265 838 1352 ἀριθμόν
848 1262 998 1348 χιλιάδων
1013 1263 1085 1332 ὅσον
1101 1262 1140 1330 civ
1153 1287 1250 1350 npud-

154 1366 241 1448 τάξαι
258 1364 274 1435 ὅ
288 1365 442 1452 βασιλεύς.
492 1370 662 1453 εἰθισμένον
678 1369 713 1436 δέ
725 1371 789 1434 ἐστι
802 1367 915 1458 ῥίπτειν
929 1367 969 1434 τὰ
982 1373 1109 1442 τοιαῦτα
1122 1363 1292 1449 lumin-1⁰

119 1475 144 1530 1)
159 1478 214 1555 piso
228 1473 260 1537 ἓν
273 1480 337 1550 τοῖς
349 1475 525 1560 προαυλίοις
538 1480 593 1539 τοῦ
607 1478 663 1557 τῆς
675 1469 810 1558 μεγάλης
822 1472 982 1556 ἐκκλησίας
995 1475 1072 1536 ναοῦ
1077 1519 1089 1550 ,
1112 1468 1207 1556 ἤγουν
1219 1471 1252 1535 όν

157 1566 184 1666 ᾧ
198 1573 312 1663 εἴρηται
327 1575 541 1662 Αὕγουστεῶνι
548 1624 559 1657 ,
582 1575 742 1660 ἱσταμένου
757 1581 811 1642 τοῦ
831 1573 988 1662 ῥίπτοντος
1003 1570 1103 1640 ἐπάνω
1120 1579 1181 1640 τῶν
1195 1575 1252 1639 soei

156 1677 395 1764 Αὖγουστεῶνος
408 1681 584 1762 βαθμίδων.

258 1782 353 1848 Μετὰ
374 1782 515 1849 discito
537 1779 554 1846 ὃ
577 1781 643 1857 νίας
662 1778 807 1862 βασιλεὺς
823 1777 872 1844 ἐπὶ
886 1779 1070 1867 σκουταρίου
1085 1779 1254 1855 καθεσθεὶς

44 1941 48 1950 .
159 1880 313 1970 ἐπαίρεται
334 1886 377 1964 είς
392 1881 490 1970 ὕψος,
513 1887 565 1952 καί
582 1885 719 1972 φαίνεται
738 1887 814 1948 πᾶσι
832 1890 896 1960 τοῖς
917 1879 1059 1948 κάτωθεν
1082 1881 1252 1964 ἱσταμένοις
1260 1889 1294 1948 15

157 1983 318 2070 πλήθεσιν.
366 1988 526 2072 κατέχουσι
542 1990 575 2053 δὲ
588 1987 627 2053 τά
641 1986 697 2069 μὲν
710 1983 884 2073 ἔμπροσθεν
897 1991 952 2069 τῆς
968 1984 1096 2064 ἀσπίδος
1112 1983 1205 2062 αὐτός
1220 2008 1254 2054 τε

159 2084 342 2171 ὅβασιλευς
365 2093 417 2158 καὶ
440 2092 541 2179 πατὴρ
561 2097 616 2158 τοῦ
639 2089 913 2177 ἀναχορευομίνου,
945 2087 999 2154 ἐὰν
1023 2091 1083 2170 ζῶν
1101 2081 1138 2176 ᾖ,
1163 2083 1252 2154 καὶὸ

158 2188 365 2280 πατριάρχης,
384 2193 422 2260 τό
438 2196 471 2260 tl
487 2195 521 2259 ἐκ
533 2194 668 2279 πλαγίων
678 2194 730 2258 καί
744 2189 874 2258 όπισθεν
886 2192 917 2256 oi
931 2191 963 2257 ἐν
978 2189 1148 2275 ἀξιώμασιν
1158 2187 1255 2276 ὕπερ-

159 2293 292 2377 ίχυντις,
316 2294 410 2383 ἤγουν
432 2295 576 2363 δεσπόται
597 2297 648 2362 καί
673 2291 966 2382 σεβαστοκράτορες,
991 2295 1044 2360 ἐάν
1058 2287 1147 2374 ῶτιν,
1177 2298 1204 2360 εἰ
1220 2292 1255 2358 di
1295 2327 1298 2331 ·

56 2400 77 2452 Ρ
94 2399 145 2456 122
159 2393 204 2479 μή
211 2443 222 2476 ,
248 2398 278 2464 οἳ
289 2401 454 2485 κρείττονες
467 2402 517 2464 καί
533 2398 731 2486 εὐμενέστεροι
745 2402 806 2464 τῶν
820 2394 983 2484 ἀρχόντων.
1035 2402 1062 2470 εἰ
1076 2397 1106 2462 d'
1121 2397 1177 2464 οὖν
1189 2396 1296 2464 invaso

100 2525 106 2538 ·
159 2498 279 2588 πατήρ,
303 2499 343 2567 τό
358 2501 414 2585 μὲν
429 2508 484 2587 τῆς
498 2501 626 2579 ἀσπίδος
638 2501 813 2589 ἔμπροσθεν
835 2497 852 2566 ὁ
872 2498 1060 2587 ἐντιμότερος
1077 2506 1138 2568 τῶν
1161 2500 1256 2578 ἄξιοι,

159 2610 296 2686 μανικῶν
309 2602 331 2688 ἢ
344 2611 405 2670 τῶν
417 2603 573 2694 ἀρχόντων
587 2603 666 2687 μετά
678 2610 733 2671 rot
748 2598 949 2692 πατριάρχου,
965 2604 1004 2670 τὰ
1019 2605 1055 2670 δι’
1067 2627 1100 2690 χε
1116 2602 1255 2683 ὄπισθεν,

161 2731 355 2791 οοςειπομεν.

227 2899 294 2954 Post
308 2899 375 2953 baec
390 2899 511 2955 ascendit
525 2901 668 2972 imperator
684 2904 719 2956 sd
740 2900 883 2956 triclinium
906 2898 977 2972 quod
999 2904 1110 2954 vocatur
1126 2897 1255 2953 'l'bomei-

159 2979 217 3037 tes,
244 2969 278 3022 ad
300 2967 493 3038 Augusteonem
511 2971 672 3041 respiciens3
701 2971 746 3026 ubi
771 2972 896 3026 universe
922 2969 1058 3025 multitudo
1085 2969 1169 3042 plebis
1197 2986 1254 3024 cum

160 3037 277 3094 exercitu
294 3044 359 3091 stat.
498 3039 504 3052 '

227 3106 375 3175 Antequam
392 3124 455 3176 ergo
471 3107 615 3179 imperator
631 3126 660 3162 se
675 3108 887 3178 conspiciendum
905 3109 1046 3177 praebeat,
1090 3119 1120 3162 e'r
1142 3107 1256 3178 aliquem

161 3177 195 3228 de
211 3182 313 3244 senatu,
339 3174 382 3228 cui
395 3176 423 3229 id
439 3176 583 3249 imperator
600 3179 781 3248 praeceperit,
807 3178 939 3232 iaciuntur
956 3177 984 3231 in
1000 3125 1121 3248 popuiirm
1139 3196 1171 3232 es
1188 3194 1256 3246 quae

162 3243 327 3298 nominantur
343 3245 497 3316 epicombia.
532 3264 600 3316 quae
621 3247 685 3302 talia
706 3256 778 3301 suut.
812 3245 926 3301 frustilla
951 3247 1100 3316 expanuis
1124 3256 1256 3316 resecant,

163 3319 192 3367 et
206 3313 235 3366 in
251 3313 369 3382 quolibet
385 3323 516 3384 segmento
533 3317 586 3370 tria
602 3334 691 3384 aures,
712 3325 838 3385 argentea
854 3315 962 3368 totidem
978 3316 1140 3384 numismata,
1158 3325 1186 3370 et
1204 3316 1257 3370 tria

163 3383 296 3436 exobulis
313 3382 444 3452 illigantes
461 3385 602 3468 proiiciuut
620 3387 649 3438 in
673 3385 871 3442 multitudinem.
907 3385 1049 3458 proliciunt
1064 3392 1150 3438 autem
1166 3385 1256 3440 talium

162 3451 345 3505 fasciculorum
361 3461 403 3507 tot
418 3453 504 3523 milra,
528 3462 593 3525 quot
608 3456 752 3526 imperator
772 3456 946 3526 praeceperit.
982 3455 1168 3513 consuetudine
1182 3472 1258 3509 rece-

162 3529 236 3592 ptum
261 3528 301 3574 est
325 3528 354 3574 ut
378 3522 525 3578 huiuamodi
545 3525 691 3596 epicombia
706 3525 837 3578 iaciantur
853 3525 881 3576 in
898 3523 973 3577 striis
992 3541 1103 3592 magnae
1120 3523 1259 3592 ecclesiae,

163 3606 256 3712 nempe
272 3590 301 3642 iu
316 3593 452 3662 praedicto
469 3592 650 3664 Augusteoue,
677 3600 765 3648 stante
786 3611 818 3648 eu
842 3592 889 3663 qui
911 3593 1019 3664 proiicit
1034 3593 1063 3646 in
1080 3594 1258 3664 Augusteonia

195 3675 297 3712 arus.

162 3675 195 3729 gr
231 3726 296 3781 Post
306 3729 372 3782 baec
389 3746 473 3783 nevus
487 3729 523 3784 im
542 3741 631 3786 erutor
646 3731 676 3786 iu
691 3735 766 3786 scuto
783 3730 907 3786 sessitnns
924 3729 1024 3786 tollitur
1035 3730 1063 3784 in
1075 3731 1163 3801 altum,
1180 3737 1208 3786 et
1225 3733 1258 3786 ab

164 3795 288 3850 universa
310 3797 475 3852 multitudine
489 3749 561 3856 iniis
577 3809 663 3856 stante
680 3801 851 3886 conspicitur.
884 3809 976 3856 tenent
991 3819 1056 3855 vero
1074 3803 1178 3886 priores
1195 3817 1259 3874 per-

164 3873 204 3919 tes
225 3865 303 3936 clipei
321 3867 464 3936 imperator
480 3886 629 3940 parensque
644 3871 797 3940 numanati,
819 3871 843 3923 si
859 3871 944 3925 adbuc
961 3870 1040 3924 sitin
1056 3871 1142 3938 urvis,
1166 3877 1194 3924 et
1210 3887 1260 3941 pu·

164 3935 290 3989 triarcba.
325 3944 414 4006 partes
433 3956 449 3991 a
467 3938 549 3993 latere
566 3949 593 3993 et
609 3947 682 3993 retro
698 3947 790 3994 tenent
806 3939 851 4010 qui
868 3940 996 4010 dignitate
1011 3941 1155 4010 praecipua
1172 3937 1261 3993 excel·

163 4004 228 4074 lunt,
247 4005 371 4062 videlicet
386 4009 513 4077 despoton
529 4016 556 4063 et
568 4011 801 4078 sebssmemtores,
818 4009 841 4062 si
857 4009 965 4064 inerim.
998 4011 1039 4062 sin
1057 4009 1151 4078 minna,
1168 4024 1261 4064 munus

164 4073 215 4127 boc
231 4077 330 4131 obeunt
346 4075 552 4148 praestantiores
569 4085 595 4133 et
611 4077 755 4132 nobiliores
774 4097 806 4135 ex
822 4078 985 4164 proceribus.
1028 4077 1053 4132 si
1069 4095 1121 4132 non
1138 4084 1261 4150 superest

163 4145 227 4198 novi
242 4145 407 4218 imperatoris
425 4153 511 4218 pater,
528 4148 674 4203 anteriores
690 4155 780 4219 partes
797 4149 876 4218 clipei
892 4156 966 4204 tenet
978 4147 1149 4204 excellentior
1161 4165 1194 4205 cx
1206 4147 1260 4200 illis
1370 4183 1372 4190 ,

164 4213 210 4279 qui
226 4215 256 4269 in
271 4218 400 4288 dignitate
415 4225 485 4286 suut,
510 4227 556 4276 aut
571 4218 667 4286 uliquis
683 4235 717 4272 ex
733 4219 886 4290 proceribus
903 4235 959 4272 oum
975 4217 1136 4292 patriarcba.
1169 4223 1260 4292 partes

163 4287 325 4354 posteriores
342 4295 434 4342 tenent
449 4304 516 4358 quos
532 4289 584 4344 iam
602 4295 680 4344 antee
697 4287 961 4345 commemoravimus.
