2802 4686
496 293 543 366 ΙΝ
562 297 712 366 connu
740 295 879 368 canl,
1172 296 1244 374 145

142 460 242 538 άαλοις
253 455 474 544 άεοτιράιτροετα
488 456 642 546 σάββατα,
663 461 716 530 nul
735 459 818 550 ιιαρά
831 469 895 543 τοῖς
910 465 1022 541 άιινοῖς
1035 469 1194 546 σοφισταῖς
1206 463 1246 534 τά

141 541 360 631 πρωθάστερα,
379 554 414 609 ul
426 550 497 609 scite
509 551 549 610 ait
559 551 673 612 Citrius.

212 679 239 732 p.
249 660 267 719 5
285 679 312 719 v.
324 663 367 718 16.
380 657 396 716 ά
412 657 508 786 lipposa
518 659 747 735 τοῦιάαμνιλίοο]
763 663 876 750 panonia,
892 662 1039 746 ollabopem
1051 668 1174 731 ureretur,
1189 664 1248 721 En·

142 730 287 802 obologlum
296 738 412 787 nostrum
422 735 449 786 to
461 771 469 787 .
481 735 533 792 770
542 741 571 788 et
581 735 631 789 811
642 731 707 802 ιιερλ
718 736 794 804 λιτης
804 739 833 786 et
842 733 976 802 evangello
987 749 1014 786 ιιι
1024 748 1058 786 ea
1067 734 1187 803 legendo.

226 835 263 896 ib.
277 856 304 896 v.
320 839 370 903 17.
412 837 547 914 Sequitur
568 835 588 902 (l
606 832 706 918 άρχοιν
732 839 794 900 τοῖν
819 831 949 916 φοίτων,
980 853 1064 914 quem
1083 839 1248 900 Bonefidius
1357 846 1364 857 '

142 925 227 980 vocat
242 921 429 1001 luminariam,
445 923 544 982 Iunius
553 923 720 1003 praefectum
731 923 884 982 luminibus.
926 923 986 981 eins
1005 928 1066 984 erat
1086 945 1181 986 euram
1196 945 1248 1004 ge-

143 1025 206 1065 rere
227 1010 394 1085 φοιτιστιάν,
414 1027 512 1068 recens
525 1009 742 1068 illuminatorum
758 1027 809 1068 seu
825 1007 1047 1087 baptizatorum:
1063 1012 1151 1070 veteri
1173 1013 1248 1070 enim

142 1091 276 1150 ecclesiae
292 1091 389 1172 phrasi
406 1094 553 1175 baptismus
570 1093 728 1174 appellatur
744 1087 896 1173 φατισμάς
909 1098 939 1151 et
948 1093 1083 1173 baptizati
1093 1099 1246 1176 pastoral,

142 1177 242 1238 forsan
263 1197 321 1237 non
335 1179 397 1238 sine
411 1185 542 1259 respectu
560 1181 598 1241 ud
613 1180 814 1238 caeremoniam
835 1179 978 1256 quandam
995 1197 1067 1255 quae
1077 1181 1248 1261 baptismum

142 1261 384 1340 subsequebatur:
407 1265 548 1326 dabantur
567 1265 641 1325 enim
658 1265 803 1344 baptizato
813 1265 885 1324 aerei
898 1265 1006 1322 aooensi
1016 1265 1046 1324 in
1060 1266 1173 1344 signum
1183 1267 1249 1326 fidei

143 1353 176 1408 et
195 1349 303 1427 gratiae
323 1355 470 1430 acceptae,
494 1358 524 1411 et
545 1351 623 1428 quod
643 1369 661 1410 a
679 1356 824 1430 potestate
841 1348 1020 1409 tenebrarum
1034 1351 1187 1410 translatus
1203 1370 1248 1410 es-
1266 1356 1290 1414 P
1308 1358 1359 1414 169

144 1438 190 1494 set
208 1435 246 1492 ad
260 1434 354 1494 lumen
369 1442 400 1495 et
419 1442 526 1496 sortem
540 1441 710 1496 sanctorum.
751 1436 877 1498 meminit
893 1434 976 1494 huius
989 1439 1178 1498 caeremoniae
1186 1435 1249 1498 Na-

143 1519 294 1579 zianzenus
321 1526 393 1581 orat
415 1525 446 1582 ia
470 1530 592 1583 ααιιιλνοι
614 1522 770 1598 armon,
804 1527 835 1582 et
857 1522 888 1581 S.
917 1519 1095 1600 Augustinus
1122 1523 1152 1581 in
1176 1521 1248 1582 illud

143 1601 246 1664 Psalm.
264 1605 320 1672 65:
342 1610 515 1668 manavimus
534 1627 583 1688 por
604 1610 693 1685 ι’ςιιιιι
713 1613 740 1666 et
755 1627 854 1687 aquam
868 1611 919 1673 etc.
961 1606 1058 1666 Iunius
1075 1607 1248 1668 ritumhune

142 1689 276 1768 involvit,
304 1709 340 1750 ue
367 1693 496 1752 emineat.
537 1692 761 1768 accendebantur,
787 1691 896 1768 inquit,
925 1691 1080 1757 luminaria.
1128 1699 1160 1753 ut
1187 1713 1249 1754 nou

143 1781 257 1834 tantum
278 1774 347 1854 boc,
372 1777 471 1835 sedet
491 1795 608 1836 aceensa
628 1776 815 1836 tradebantur
828 1775 990 1855 baptizatis.
1031 1780 1182 1857 atquibio,
1201 1779 1246 1837 in-

145 1860 223 1936 quit,
242 1863 312 1918 ritus
331 1861 465 1920 ordinarie
483 1862 520 1921 ud
538 1862 696 1940 baptimum
710 1862 905 1922 observabatur.
947 1881 997 1921 eur
1017 1861 1106 1942 igitm
1118 1883 1170 1922 vos
1183 1857 1246 1922 muss

144 1945 228 2004 tastis
243 1949 274 2003 et
287 1943 470 2024 abrogastisr
496 1954 634 2026 praeterea
653 1966 714 2005 uero
735 1948 915 2006 anniversarie
931 1949 961 2006 in
978 1947 1162 2024 singularibus
1183 1952 1247 2026 qai-

145 2029 256 2090 bnnlam
282 2027 374 2090 dirim
399 2029 482 2112 feriri
503 2050 553 2110 per
580 2031 793 2110 lampadarium,
823 2037 854 2090 ut
876 2035 907 2090 in
935 2031 984 2090 boa
1007 2031 1075 2090 libro
1096 2031 1250 2110 appellatur

143 2135 174 2195 p.
186 2105 280 2180 4410
294 2121 324 2175 et
338 2118 396 2193 23,
416 2113 654 2196 (acoendebantur
665 2117 736 2174 haec
748 2114 917 2194 luminaria.)
956 2119 987 2174 at
1000 2113 1184 2196 laurparlariur
1193 2117 1249 2176 iste

112 2257 117 2272 ,,
143 2199 214 2260 nihil
231 2200 287 2260 buo
307 2199 388 2260 facit:
414 2207 475 2260 erat
497 2202 572 2260 enim
590 2201 711 2260 officium
732 2201 792 2260 eius
810 2201 981 2280 palatinum,
1002 2216 1061 2260 non
1081 2200 1249 2262 eoelesinsti-

103 2281 111 2294 '
144 2305 224 2358 cum3
246 2285 480 2366 praeferebutque
497 2285 656 2367 lampadem
674 2305 819 2346 accensam
835 2304 893 2346 non
908 2285 1096 2364 singularibus
1110 2288 1248 2348 duntaxat

144 2372 226 2431 festis
240 2377 270 2430 et
283 2372 488 2448 anniversarie,
510 2373 562 2432 sed
575 2373 686 2449 quoties
701 2373 853 2452 imperator
865 2373 896 2430 in
910 2371 1053 2450 publicum
1065 2373 1249 2452 procedebat,

144 2463 179 2517 ut
199 2476 235 2516 ex
255 2456 424 2517 Balsamone
443 2458 516 2516 infra
535 2459 684 2517 ostendam
697 2459 734 2516 ad
748 2477 777 2536 p.
791 2455 833 2522 45
850 2477 877 2518 r.
894 2461 921 2521 1.
963 2456 1049 2534 longe
1062 2475 1130 2536 ergo
1146 2455 1250 2522 aliusri

146 2538 248 2622 άοχων
262 2545 325 2605 τάν
339 2541 450 2621 φάτων
463 2548 494 2602 et
507 2543 577 2602 alius
591 2541 610 2608 ὅ
623 2537 838 2624 λαμτταὸάριος.
880 2559 973 2618 neque
985 2547 1097 2602 tautum
1106 2543 1192 2602 semel
1205 2543 1251 2603 vel
1341 2578 1344 2594 ι

145 2627 295 2704 aliquoties
315 2629 346 2687 in
368 2645 444 2688 anno
462 2645 531 2686 usus
551 2627 686 2689 luminum
707 2628 818 2687 eratin
837 2627 966 2706 templis,
987 2628 1040 2686 sed
1062 2633 1200 2708 perpetrm
1219 2634 1250 2689 et

146 2719 210 2773 toto
233 2733 324 2788 anno;
345 2715 430 2773 etiam
453 2719 523 2774 tuno
546 2715 661 2790 quando
685 2713 756 2772 nulli
779 2708 976 2789 vsoaoirraror
992 2713 1125 2772 aderant:
1154 2729 1249 2791 neque

146 2799 221 2860 enim
235 2801 321 2860 moris
335 2805 397 2859 erat
408 2799 524 2859 Graecis
536 2799 679 2878 liturgiam
691 2799 752 2859 sine
766 2795 917 2858 luminibus
931 2795 1078 2858 celebrare.
1113 2820 1116 2830 ·

214 2898 278 2952 sitiri.
308 2892 324 2952 ὁ
337 2892 431 2967 άρχαν
441 2897 498 2952 τάν
514 2895 624 2968 φάττον]
637 2897 686 2951 boa
697 2897 810 2950 officium
819 2895 847 2949 ia
857 2899 981 2966 quattuor
990 2893 1112 2947 ridentur
1121 2892 1251 2948 Allatiann

147 2965 290 3088 pippertiri,
309 2966 359 3020 boo
374 2979 465 3037 partor
493 2963 510 3022 ά
525 2961 682 3089 κατηχητρς
697 2965 835 3036 κατηχίζει
858 2959 920 3032 (τάν
934 2956 1004 3018 λαιάν
1019 2960 1068 3018 ναι
1082 2961 1122 3030 Μ)
1138 2958 1250 3026 στάντας

200 3031 440 3122 ςείσμρχομένοσς
455 3029 486 3089 ln
497 3037 554 3090 τάν
570 3029 647 3103 ἑτερο
668 3033 740 3098 silua
762 3031 803 3097 ele
824 3027 878 3103 τὴν
895 3027 1057 3100 &obiciatur
1078 3031 1187 3100 πίστιν,
1211 3026 1249 3094 ὥς

148 3103 197 3158 ἵνα
213 3100 246 3160 τά
263 3123 345 3174 αγιον
362 3103 503 3176 βάπτισμα
519 3101 664 3170 δέξωνται.
699 3099 715 3159 ά
739 3096 922 3172 reprobantia
939 3094 1100 3170 περιπατάν
1116 3097 1165 3154 nal
1181 3116 1259 3173 asora-¹

147 3169 298 3243 δεοόμενος
314 3170 439 3242 (ὁδηγῶν
450 3173 492 3240 Μ)
508 3170 574 3236 τοὺς
586 3169 724 3236 θέλοντας
740 3173 933 3246 βαπτισθῆναι
949 3171 985 3241 τῇ
995 3163 1144 3240 ὄρθοιλάξῳ
1160 3168 1250 3222 πίστει

147 3240 301 3308 (εἰσελθεῖν
323 3239 364 3302 εἰς
379 3237 432 3310 τὴν
455 3239 616 3308 latinator
634 3245 727 3298 πίστιν
745 3243 798 3309 Μ).
834 3237 851 3295 ὁ
877 3234 1021 3312 βοντιστῆς
1037 3237 1149 3292 ἵσταται
1167 3231 1198 3292 ἐν
1214 3235 1252 3310 τῇ

147 3307 217 3384 ἁγίᾳ
234 3314 302 3365 nola
319 3307 418 3432 βήθρμ
452 3309 501 3365 nal
517 3307 532 3366 ὃ
550 3306 639 3381 inperia
654 3307 725 3382 λέγει
740 3306 792 3374 τάς
808 3304 905 3381 εὐχάς,
929 3303 946 3362 ὅ
964 3303 997 3362 (ll
1014 3299 1250 3389 άρχιερεβςσταο-

148 3379 234 3450 poian
250 3373 282 3433 τά
299 3330 321 3433 b
337 3398 392 3447 ορ,
416 3348 478 3434 lot
490 3376 636 3452 βοντιστής
651 3380 775 3454 βαπτίζει
786 3375 837 3434 τάν
847 3375 982 3448 μέλλοντα
994 3375 1197 3448 βαττισθηναι.
1232 3367 1249 3428 ὁ
1283 3442 1285 3449 Δ

147 3446 309 3521 papalium
324 3447 373 3502 iva
390 3442 557 3515 inaurareris
572 3444 605 3505 τά
625 3441 707 3521 άμιον
723 3446 812 3520 μύρον
818 3487 828 3520 ,
854 3445 904 3503 aul
920 3441 994 3504 b'aaa
1010 3440 1044 3500 τά
1061 3439 1145 3515 ὁρίζει
1162 3439 1179 3498 ὁ
1197 3439 1248 3514 olq-

147 3513 315 3592 proprietati
324 3517 425 3572 lairen
435 3535 533 3588 μορον.

26 3589 29 3596 ’
232 3626 262 3687 p.
277 3609 298 3676 5
311 3626 339 3668 v.
355 3610 403 3671 18.
445 3607 569 3668 Ultimus
583 3610 613 3668 in
626 3605 679 3668 bae
693 3608 818 3690 pentuda
830 3610 877 3666 est
888 3603 907 3670 ά
919 3599 1021 3687 lippos
1032 3605 1096 3667 τάν
1111 3595 1250 3684 άντιμιν-

149 3692 226 3758 aloia
249 3711 300 3752 seu
321 3686 527 3773 άντιμινσὶοσ,
554 3688 685 3778 εἰσάγων
705 3689 778 3769 τούς
793 3689 1018 3775 εἰσερχομένους
1030 3687 1074 3764 εἰς
1087 3683 1145 3768 τάν
1161 3686 1250 3770 άγλαν

148 3773 334 3860 μετάληψιν,
361 3779 516 3860 praefectus
540 3784 766 3857 nortmanorum,
789 3779 915 3840 inlaesus
933 3794 976 3838 eor
995 3777 1045 3858 qni
1062 3793 1169 3834 ranam
1181 3790 1251 3834 eorn-

148 3866 540 3946 nanionemoaapereoolant.
1005 3895 1008 3900 ·

217 3963 283 4019 utu.
305 3963 508 4034 chartophylax,
523 3968 553 4021 ut
562 3963 731 4036 suprasisum
741 3965 799 4032 ost,
814 3957 849 4016 nd
862 3956 1076 4027 ecelesiasticam,
1094 3949 1137 4011 λάε
1151 3951 1186 4008 ad
1202 3951 1251 4006 lai-

149 4033 528 4089 namromnunionemiuvitat.
604 4081 606 4090 ,

233 4121 331 4182 Iunius
344 4123 500 4203 praefertur
516 4127 662 4186 σιιλοτιιαιι·
680 4141 797 4197 meam,
815 4119 952 4182 α’άάιιιιιιι
972 4137 1015 4176 τοι
1036 4115 1169 4209 quierant
1182 4125 1251 4210 aaa·

150 4209 210 4267 tari
224 4209 263 4268 orl
281 4213 480 4270 emanationem
500 4229 614 4272 onaan.
655 4210 752 4290 inepte
770 4225 904 4288 prorsus,
924 4209 954 4263 et
970 4201 1063 4262 adhue
1079 4198 1206 4302 ineptius,
1220 4213 1250 4253 ru

148 4292 278 4372 scholiis,
298 4299 332 4354 ut
346 4296 416 4356 satis
428 4295 525 4357 mirari
541 4315 679 4372 nequeam
696 4292 908 4358 hominisbuius
921 4290 966 4349 his
981 4288 1010 4346 in
1024 4283 1114 4342 rebus
1126 4299 1178 4342 seu
1187 4285 1250 4344 ολι-

193 4387 286 4444 Golia
307 4387 459 4462 θιιτορολοι.
481 4389 515 4446 sle
536 4391 612 4461 Offie.
693 4433 695 4441 ι
1008 4369 1048 4434 10
