2802 4686
163 285 237 362 154
324 281 536 364 GRETSERI
551 285 608 352 ET
628 279 760 352 coum
773 277 1107 361 COMMENTARIUS

157 457 254 538 officia
277 445 493 534 domesticorum,
522 455 558 511 et
576 447 654 526 apud
676 439 818 508 Codicum
843 463 865 505 c
888 445 909 510 7
929 441 963 508 al
977 443 1035 506 rari
1057 441 1265 526 depecururlau

158 541 345 626 δομέσιικοι,
365 546 396 600 et
414 539 472 604 aa
493 537 690 614 douccrlurou.

227 673 255 726 p.
274 655 292 709 6
313 670 341 706 v.
365 653 391 708 6.
418 649 592 704 Domesticum
615 649 728 700 dicemus
751 642 887 716 aliquando
908 641 1081 726 praepositum
1103 625 1259 710 significare.

158 725 259 781 deictis
272 721 372 776 duobus
384 717 600 805 utriuaqaauclrorl
615 717 721 802 ducibus
733 714 875 797 Allatiaaar
893 709 924 766 ai
933 712 986 764 dua
998 708 1155 796 deplacaret
1168 711 1263 764 bacur-

159 787 273 916 ⁶⁰⁶⁶af⁹0
283 789 423 923 'ttott
442 775 1263 924 lttttfftrtt'‘ttdttltattrtttttttt:

160 880 449 1002 iizaofftuootoodr
465 911 534 996 paud
553 925 608 980 criu
621 889 803 994 comaclum·
820 917 974 992 pollicerer
984 915 1033 972 καὶ
1044 912 1135 972 αυίοί.

243 1035 310 1099 ibid.
326 1052 352 1095 v.
366 1037 396 1098 7.
419 1033 554 1108 Sequitur
574 1022 797 1107 λαοσυνᾶννης,
818 1025 857 1088 ad
872 1025 988 1085 verbum
1001 1023 1097 1104 papali
1108 1030 1263 1082 conuocatar

158 1129 185 1184 el
196 1127 387 1198 congregator,
408 1117 490 1178 Iunia
506 1121 594 1193 cacia,
610 1115 661 1174 sed
674 1114 754 1173 uilrilr’
765 1116 844 1173 cocio.
866 1112 991 1170 eiusdem
1003 1109 1129 1170 meminit
1146 1108 1264 1186 Citrias,

157 1209 258 1270 eodem
280 1205 392 1266 nomine
413 1203 553 1282 interpres
576 1200 685 1276 reddit,
713 1198 805 1276 populi
830 1203 949 1266 coactor5
969 1201 1110 1254 corrector·
1133 1195 1264 1270 correxit,

158 1294 278 1351 collector
298 1293 357 1350 sive
377 1295 561 1366 congregator.
588 1286 670 1348 adua
687 1284 811 1346 officum
833 1281 944 1363 publico
962 1281 1046 1361 signa
1068 1279 1205 1362 populum
1224 1280 1263 1338 ad

157 1397 219 1440 rem
232 1378 354 1437 divinam
370 1392 533 1434 convocare.

228 1491 300 1544 Duos
320 1487 437 1542 scribunt
458 1485 601 1550 aratiam,
633 1487 661 1538 et
679 1479 875 1546 λαοσυνοῒνιταγ
894 1484 1007 1537 somata
1037 1473 1068 1535 ol
1089 1474 1143 1535 dria
1160 1478 1264 1533 luoru-

161 1557 269 1614 νοίνισαι
286 1562 413 1630 (-·ιιιαι
431 1555 472 1622 M)
489 1550 640 1622 συνάγουσι
656 1548 722 1615 coria
737 1549 900 1620 διακόνους,
917 1549 966 1606 uul
983 1546 1203 1619 ἀναγορεύουσιν
1215 1549 1265 1602 ἵνα

157 1623 424 1766 γῖιῖιιίκλληοέῗαγιυανείς.
458 1620 609 1695 συνάγουσι
631 1617 664 1678 bl
685 1616 752 1689 τοὺς
774 1617 913 1693 ἄρχοντος
936 1617 986 1678 uul
1001 1614 1051 1676 ιόν
1068 1613 1138 1674 λαὸν
1155 1615 1195 1682 εἰς
1211 1612 1265 1686 τὴν

136 1849 142 1866 .
247 1802 283 1863 Irr
293 1801 404 1882 Typica
417 1801 449 1862 S.
463 1799 556 1862 Sabae
571 1800 682 1860 videtur
700 1795 835 1880 appellari
854 1791 1085 1877 νανδηλοῖνισγς,
1106 1815 1125 1856 ο
1144 1793 1263 1857 modus

162 1889 351 1948 mundandis.-
367 1888 450 1946 huius
466 1889 540 1946 enim
556 1887 642 1946 etiam
655 1891 701 1944 est
713 1879 837 1966 κρούειν
851 1881 907 1958 urle
925 1881 1036 1964 βαρέος
1056 1879 1108 1944 καὶ
1129 1875 1164 1943 ud
1180 1880 1264 1979 ardu·

161 1974 257 2053 ροῦυ,
280 1973 414 2052 quasillis
432 1973 494 2034 loco
510 1991 698 2050 campanarum
710 1977 805 2049 eruut,
825 1969 878 2032 uui
892 1969 1050 2048 σημαίνειν
1064 1963 1098 2029 ui
1115 1965 1187 2046 μέγα
1207 1982 1264 2043 ση-

159 2081 302 2139 μανιρον.
334 2059 411 2119 varia
432 2060 506 2118 enim
529 2057 612 2134 signa
638 2057 762 2136 dabant,
789 2060 824 2118 ut
845 2061 876 2116 et
894 2056 971 2132 apud
996 2073 1049 2112 nos
1069 2053 1128 2112 lieri
1150 2047 1264 2110 assolet.

158 2145 224 2202 vide
245 2145 441 2204 Balsamorrem
463 2145 494 2202 in
517 2144 715 2202 dissertatione
741 2161 790 2202 car
820 2141 948 2201 monachi
972 2139 1062 2198 tribus
1084 2136 1173 2218 signis
1195 2153 1267 2194 suos

159 2230 198 2290 ad
213 2249 292 2290 sacra
307 2235 477 2308 convocent,
497 2247 560 2286 cum
573 2229 618 2286 alii
635 2247 692 2287 una
706 2227 788 2304 signo
803 2225 929 2286 contenti
947 2225 1012 2285 siut.

245 2315 310 2376 ibid.
325 2334 352 2374 v.
366 2319 395 2379 8.
416 2315 542 2384 Quartus
557 2314 586 2372 in
602 2314 656 2372 hac
669 2313 792 2391 pentade
806 2318 851 2371 est
868 2308 1114 2392 όνιριμμιιιήριος
1135 2309 1198 2369 roiu
1214 2329 1265 2368 ια-

160 2401 340 2480 poliacum.
383 2399 479 2456 Iunius
495 2400 699 2476 interpretatur
712 2400 854 2460 rotomum.
874 2397 915 2456 sic
932 2397 1006 2454 enim
1027 2396 1107 2456 initia
1128 2391 1266 2453 nominari

158 2477 270 2544 uidetur
286 2485 322 2542 ab
335 2485 398 2561 ipso
416 2484 528 2542 Codina
548 2503 575 2560 p.
593 2487 610 2545 1
632 2483 677 2542 ed.
695 2483 776 2544 I'urur
791 2501 856 2540 crum
878 2483 952 2540 euim
970 2481 1110 2539 notariam
1129 2479 1267 2554 nominet,

158 2589 193 2628 ac
219 2575 319 2649 postea
341 2568 452 2646 singula
473 2569 564 2628 officia
582 2569 613 2626 in
631 2569 772 2647 pentadas
797 2569 931 2646 digerens
955 2565 992 2624 de
1015 2565 1125 2626 notario
1148 2582 1266 2642 prorsas

158 2656 258 2734 sileat,
280 2655 410 2714 credibile
423 2659 467 2714 est
483 2654 625 2713 Codicum
643 2655 756 2713 uomina
769 2655 915 2730 primicerii
938 2653 1131 2711 tabulariorum
1153 2648 1264 2707 intelle-
1329 2691 1332 2700 .

159 2742 234 2800 risse
257 2744 401 2800 notarium.
434 2741 511 2816 quod
531 2741 605 2798 forte
627 2759 724 2799 veram
751 2743 810 2817 est,
844 2739 897 2796 sed
918 2738 1019 2797 nescia.
1038 2736 1179 2813 qaoraodo
1199 2753 1264 2792 cum

159 2826 232 2886 Iunii
253 2827 393 2885 sentemia
416 2825 578 2902 concerdat,
607 2826 655 2900 qui
673 2828 854 2903 primicerium
886 2824 916 2883 in
943 2822 1041 2898 quovis
1068 2821 1160 2882 officia
1184 2820 1266 2878 illum

161 2911 215 2968 dici
235 2917 319 2988 putet
344 2914 392 2988 qui
407 2913 511 2988 primur
532 2902 679 2988 inscriptus
697 2914 734 2969 rit
754 2911 816 2968 alba
831 2913 885 2968 riae
900 2908 999 2968 ordinis
1014 2911 1059 2967 aui
1076 2905 1214 2982 catalogo,
1236 2911 1264 2964 or

157 3000 262 3074 primur
281 2999 311 3053 r'u'
331 3016 380 3053 ruo
401 2995 493 3052 ordina·
514 2995 645 3068 obtineat,
664 2998 753 3071 priora
772 3014 849 3066 cero,
870 2994 900 3052 iu
920 2999 959 3054 eat
973 3013 1089 3068 maura,
1109 2996 1274 3070 irrumpatur...

93 3083 96 3087 ’
162 3080 216 3138 hoc
230 3081 363 3139 siveram
380 3085 440 3156 est,
460 3077 538 3136 idem.
555 3099 627 3156 erga
644 3080 698 3140 erit
712 3079 882 3158 primicerius
898 3080 1092 3138 tabulariorum
1112 3096 1175 3138 arun
1195 3096 1264 3155 pro«

82 3217 85 3230 ,
160 3166 316 3242 tanotario,
337 3165 420 3241 quia,
444 3171 477 3224 ut
491 3164 587 3224 lunius
601 3165 690 3240 dicit,
699 3167 868 3244 primicerius
886 3166 998 3242 primus
1011 3170 1055 3224 est
1078 3165 1107 3221 in
1130 3183 1191 3222 cora
1210 3181 1263 3220 seu

160 3251 235 3328 alba,
264 3257 294 3310 et
324 3250 454 3308 tabularii
483 3255 551 3317 sunt
580 3250 697 3327 notarii,
717 3249 848 3326 idemque
871 3251 958 3326 igitur
979 3249 1189 3327 protonotarius
1213 3248 1286 3304 seu*
1391 3281 1392 3294 ι

161 3337 266 3414 primus
286 3336 413 3394 notarius
435 3341 465 3393 et
483 3337 647 3411 primiceriae
660 3335 860 3398 tabidarr'arum.
881 3354 940 3412 ego
957 3336 1026 3394 nodi
1045 3335 1127 3394 liuius
1145 3333 1263 3392 solutio-

160 3439 226 3481 aem
238 3441 296 3480 uon
313 3422 414 3504 videp,
433 3421 488 3478 nisi
507 3420 571 3495 quis
588 3419 680 3478 dicere
696 3420 765 3484 velit
783 3421 869 3480 istum
889 3421 943 3479 dici
960 3424 1139 3498 primicerium
1155 3417 1265 3477 tabula-

158 3510 257 3566 rr‘orura
277 3514 407 3584 respectu
432 3505 541 3565 illoram
566 3505 741 3565 notariorum
763 3523 835 3580 quas
858 3507 932 3566 infra
956 3524 988 3564 se
1013 3505 1115 3582 habet,
1136 3523 1199 3562 aaa»
1218 3521 1264 3561 re-

51 3593 72 3644 Ρ
92 3591 141 3650 175
158 3598 258 3670 spectu
269 3593 408 3670 omnium,
430 3609 486 3666 qua
501 3589 621 3669 pactod
635 3584 817 3672 δευτερεύων
839 3596 901 3653 cciv
920 3583 1072 3653 διακόνων
1084 3589 1177 3648 vocari
1195 3607 1264 3667 pos-

159 3683 205 3738 set
230 3679 397 3756 prirar'ccriur
420 3676 604 3749 diaconarum,
637 3695 696 3735 nou
725 3676 858 3735 absolute·
883 3678 935 3737 scd
961 3675 1171 3756 comparatione
1200 3677 1264 3736 coia

160 3766 274 3828 κοινοῦν
282 3801 294 3830 ,
315 3766 349 3819 at
362 3761 473 3820 Citrius·
487 3767 518 3820 et
532 3761 830 3838 Codi'nusloquuatur.

243 3844 357 3906 Addam
373 3851 403 3904 et
418 3846 480 3904 hoc.
498 3847 609 3921 quidsi
625 3866 675 3924 per
692 3865 789 3906 vooem
805 3846 1014 3927 ταβουλαρίων
1032 3845 1079 3908 hic
1101 3863 1159 3905 nan
1180 3842 1266 3902 iutel-

158 3931 284 4012 liguutur
299 3930 431 3990 tabularii
448 3935 630 4004 seuioorarii,
651 3932 702 3991 sed
725 3932 931 3992 tabulariasau
949 3933 1077 4008 arabica,
1098 3933 1139 3990 ita
1157 3935 1190 3988 ut
1207 3929 1267 4007 pri·
1311 3956 1317 3962 ·

158 4019 286 4078 micerius
299 4015 493 4076 tabulariorum
519 4015 566 4074 ille
586 4017 697 4076 dicatur
718 4017 767 4094 qui
788 4023 901 4096 praeest
920 4018 1054 4078 tabulario
1072 4035 1123 4076 sea
1143 4015 1264 4088 arabica,

159 4103 251 4162 socius
267 4104 298 4160 irr
312 4102 367 4162 hoa
382 4101 473 4162 officio
493 4107 526 4160 et
541 4101 704 4162 adarimster
724 4103 968 4182 chartophylacis?
988 4121 1054 4160 nam
1073 4099 1266 4179 cbartopbyla-

163 4191 234 4247 οἱννι
244 4187 354 4248 Latinis
376 4193 421 4246 est
439 4186 620 4264 tabularium,
641 4192 677 4246 et
694 4205 712 4248 a
731 4185 836 4248 Latino
860 4209 914 4248 usu
931 4190 1016 4246 etiam
1041 4186 1165 4245 Graecis.
1193 4185 1268 4243 sicut

164 4273 238 4334 enim
254 4291 373 4352 magnus
390 4272 547 4334 uramara
561 4277 591 4332 et
610 4269 694 4340 trae
710 4275 866 4340 σακολλίου
885 4293 953 4334 suos
973 4272 1133 4334 lrabuerrmt
1155 4271 1267 4330 adiuto-
