2798 4690
493 317 539 385 ΙΝ
561 318 710 385 conlui
738 318 822 386 CAP.
848 316 907 385 Vl.
1173 318 1252 388 275,

230 501 259 562 p-
274 477 315 548 44
329 501 355 539 v.
374 481 420 544 10.
441 479 514 542 circa
537 475 763 564 διβᾶμιιοιιιον,
787 480 865 558 qnod
883 479 1071 560 lampadarins
1085 491 1196 560 gestat,
1217 492 1246 544 et

148 567 226 628 cuius
244 567 371 627 Cadinus
397 571 442 624 ter
469 568 610 644 meminit,
631 567 676 626 bic
696 573 726 627 et
746 567 831 644 paulo
849 567 942 645 inira,
974 569 1067 627 variae
1095 576 1163 629 sunt
1183 589 1248 628 sen-

148 653 261 712 tentiae.
280 652 370 731 prima
389 649 478 730 Iunii,
506 654 554 730 qui
573 653 679 728 ubique
698 653 784 711 vertit
804 653 893 712 ιιινιιιι·
907 652 995 712 mlius
1014 655 1167 732 ampullam.
1197 677 1248 714 ιιιιι

145 757 252 817 passam
273 739 414 812 assentiri,
442 735 535 813 inquit
561 738 715 798 Meursius:
741 737 906 816 sacerama'
932 738 1017 818 δίβος
1034 757 1085 816 pra
1105 740 1185 800 clivus
1206 759 1247 799 re-

150 825 272 884 centiores
291 823 406 882 Grarcm
425 841 565 902 usurpasse
586 827 737 884 invenirem.

234 935 334 996 Altera
352 938 492 997 sententia
513 944 559 996 est
567 933 786 1039 διβᾶμβονιον
808 954 871 996 esse
895 938 1104 1020 κηροδοχιῖνν,
1126 945 1168 1001 sin
1189 939 1248 1000 ler-
1263 945 1354 1000 Pili

151 1028 297 1098 senrtang,
328 1021 405 1097 quod
431 1023 460 1080 in
489 1017 619 1100 διατάξει
645 1029 700 1104 τῆς
717 1022 947 1126 ἱεροδινιιιονίιις
971 1022 1110 1082 Philatbei
1131 1027 1251 1105 patriar-

151 1107 221 1168 chae
247 1106 391 1186 cpolitani
416 1109 576 1168 nominatur
607 1103 808 1210 pauoaoilcoa,
842 1108 980 1167 ιιιιιιινιιιιι
1011 1103 1076 1170 d’
1057 1131 1115 1170 auu
1117 1109 1252 1190 ννώστης

150 1191 282 1270 κατέχων
296 1187 480 1272 μανιινιὶλιιιν
494 1217 567 1296 pera
587 1188 743 1273 λαμπάδος
763 1189 844 1271 cippi
843 1215 908 1270 unc·
932 1193 962 1250 in
983 1191 1132 1271 Typicos
1158 1197 1257 1256 Sabae*

96 1337 107 1352 ‚
152 1277 274 1356 reperies
307 1283 553 1358 κηρομιινιινιιλιιι
574 1279 674 1338 eodem
700 1295 815 1355 prorsus
843 1277 1007 1354 significatu.
1033 1279 1109 1337 idem
1135 1283 1250 1340 omnino

153 1358 375 1441 διβάμιιονιον,
399 1364 430 1421 id
453 1363 581 1446 minirum
603 1364 647 1422 cni
666 1362 774 1440 lampas
794 1362 992 1440 imponebatur
1013 1369 1042 1421 ct
1064 1381 1121 1440 quo
1141 1367 1251 1424 fereba-

152 1447 259 1505 tunid
278 1452 339 1505 erat
359 1465 459 1506 aurens
480 1423 598 1526 cbntus,
619 1453 652 1506 nt
673 1449 799 1506 Codinns
819 1445 950 1506 docet:'
942 1467 972 1504 ιιι
991 1447 1073 1505 buius
1094 1449 1167 1508 enirn
1187 1471 1251 1509 ver-

152 1532 207 1590 tice
226 1529 333 1610 lampas
351 1533 483 1592 insistens
504 1553 522 1592 a
541 1533 712 1610 lampadario
734 1532 907 1613 portabatur.
928 1530 998 1590 haec
1021 1536 1160 1593 sententia
1182 1537 1250 1594 milri

153 1617 245 1675 olim
237 1637 268 1674 ιιι
287 1617 391 1675 Facula
418 1637 477 1676 non
499 1619 679 1696 displicebat:
705 1635 780 1674 nunc
801 1617 855 1674 alia
883 1623 977 1676 mente
1004 1636 1083 1716 epm,
1109 1621 1176 1695 quia
1201 1642 1250 1679 cur

154 1709 260 1776 cantas,
281 1702 330 1776 qai
350 1721 484 1762 accensae
510 1703 647 1780 lampadis
667 1700 800 1777 fulcrum,
820 1706 934 1759 vocetur
958 1697 1180 1781 aucipastas,
1201 1726 1249 1764 ex-

154 1792 256 1866 putare
275 1803 382 1844 mecum
402 1804 528 1862 nequeo,
548 1786 657 1845 etiamsi
677 1804 735 1843 uon
749 1780 954 1886 dillapmovlpu
974 1788 1024 1844 sed
1042 1788 1251 1867 διβᾶμμονιον

154 1871 315 2035 {appears
341 1872 416 1930 adde
435 1873 513 1947 quod
540 1871 662 1932 manuale
681 1875 711 1929 et
734 1862 960 1951 napopavomile
989 1871 1070 1930 nimis
1099 1873 1206 1934 distem
1232 1895 1251 1935 a

218 1975 242 2014 m
289 1975 304 2014 a

240 2070 340 2133 Tertia
358 2075 498 2133 sententia
517 2080 610 2134 exstat
629 2075 660 2132 in
683 2075 781 2133 eadem
802 2073 1023 2152 Tarcograecia,
1044 2067 1253 2152 διβιιμιιονλον

156 2175 219 2216 esse
232 2159 394 2234 turibulum,
415 2179 499 2237 quarn
516 2160 717 2238 expositionem
731 2159 837 2236 accepit
851 2161 967 2217 Crusius
982 2180 999 2218 a
1017 2158 1132 2216 Graecis
1146 2161 1254 2220 insulae

156 2242 340 2317 Santorinae,
367 2245 467 2320 quibus
482 2247 575 2304 favere
588 2245 700 2304 videtur
713 2251 773 2302 tum
790 2245 851 2322 ipsa
866 2246 959 2324 natio,
980 2245 1046 2322 quia
1063 2243 1163 2302 Graeci
1177 2254 1255 2324 sunt,

156 2347 228 2404 qnos
256 2330 353 2407 utiquc
373 2329 471 2388 melias
495 2348 579 2389 nosse
602 2330 657 2388 ista
675 2329 824 2406 oportebat
848 2349 931 2406 quam
952 2335 1079 2405 exteros,
1100 2335 1161 2388 tum
1188 2334 1255 2409 qnia

156 2431 216 2488 non
240 2413 278 2471 sit
304 2415 450 2473 verisimile
469 2417 614 2474 turibulum
636 2416 665 2472 in
687 2416 729 2472 his
749 2414 843 2472 aulicis
861 2415 1043 2474 conventibus
1063 2415 1199 2488 adfuisse3
1225 2423 1256 2476 et

155 2498 416 2558 fortescribendum
430 2494 632 2582 θνᾶμπονλον
640 2543 649 2577 ,
671 2496 773 2562 abiar
786 2501 905 2578 immolo,
928 2502 1003 2558 unde
1014 2507 1043 2559 ct
1057 2506 1100 2558 tas
1119 2502 1255 2578 originem

156 2583 258 2641 ducere
276 2585 394 2643 videtur.
791 2603 795 2620 ¹

243 2685 352 2754 Quarta
366 2687 506 2746 sententia
520 2688 629 2746 videtur
644 2707 706 2745 csse
725 2685 881 2746 Meursiiv.
901 2675 1130 2764 Μονοβᾶμβουλ
1133 2703 1183 2758 ον;
1205 2685 1261 2762 qui'

158 2763 393 2870 μονοβνιμιινλον
407 2778 436 2831 et
453 2767 638 2852 ὃιβιὶμιιυιον
655 2772 690 2831 ab
706 2772 810 2831 ιιιιιιιιι
823 2771 953 2847 arcessit,
975 2776 1007 2828 ut
1026 2771 1064 2827 sit
1084 2769 1152 2826 illud
1175 2771 1254 2847 quasi

158 2854 275 2934 simplex
292 2863 322 2914 ct
342 2857 470 2935 unicum,
491 2857 545 2916 hoc
564 2857 668 2936 duplex
688 2853 893 2934 ambulacrum,
921 2874 971 2914 seu
990 2862 1023 2913 ut
1043 2854 1104 2932 ipsc
1122 2855 1256 2933 loquitur,

159 2941 270 3018 simplex
283 2944 403 3001 conclaue
419 2944 523 3022 palatii
535 2947 674 3018 secretins,
694 2947 724 3002 in
739 2963 787 3026 qao
806 2939 1017 3040 congregabatur
1032 2941 1115 2998 cieras
1115 2944 1257 3042 patriam

160 3025 236 3083 elram
249 3045 343 3132 nouam
356 3029 495 3090 electurus.
539 3027 671 3088 (ἰιιιιιιιιιΙ
677 3032 734 3087 cias
752 3029 883 3086 meminit:
906 3021 924 3088 i
946 3017 1123 3103 deicspoc'
1105 3020 1256 3127 ascriptae

160 3113 278 3188 ιιραιιόν
298 3106 331 3172 τὸ
351 3112 592 3214 μονοβάμβνλον.
628 3120 690 3171 ante
710 3113 758 3169 lroc
774 3118 831 3169 erat
852 3111 944 3185 alind,
969 3113 997 3166 in
1023 3109 1091 3186 quod
1108 3113 1256 3186 promiscue

160 3195 344 3254 conveniebant
364 3215 448 3255 νιιιιιιι
467 3201 515 3298 pai
529 3204 650 3278 caperent
671 3200 762 3256 statim
787 3199 853 3254 scire
872 3199 946 3274 quem
969 3195 1053 3252 claras
1073 3195 1256 3272 patriarcham

162 3283 289 3350 creasset,·
307 3285 332 3338 el
349 3281 419 3339 illud
436 3276 527 3362 dilicip
530 3283 622 3361 βνλον
636 3282 778 3340 dicebatur.
807 3284 909 3340 incenia
931 3282 987 3336 cias
1008 3281 1162 3336 mentionem·
1185 3279 1257 3356 apud

155 3322 304 3424 Pbranacbt
320 3363 341 3425 3
357 3365 406 3428 '19-
426 3367 567 3425 secundum
585 3367 647 3424 lraec
661 3365 820 3443 patriarcba
835 3377 892 3422 cam
913 3364 1081 3440 lampadibus
1100 3362 1137 3420 acl
1151 3363 1256 3421 dilam-

162 3448 227 3506 bula
244 3452 299 3506 siae
325 3454 423 3508 atrium
444 3445 627 3528 descendebat,
652 3455 825 3527 paratamque
852 3451 986 3506 inveniens
1014 3467 1107 3526 equum
1133 3450 1258 3505 ascende-

104 3559 107 3564 ·
162 3533 216 3591 bat
238 3534 287 3590 sed
302 3536 369 3633 qnid
383 3535 419 3592 de
429 3536 622 3613 monobambplo
637 3535 812 3592 sentiendum
827 3533 873 3610 sit,
887 3532 977 3589 iaml.
997 3539 1006 3592 ι
1032 3552 1055 3590 c.
1071 3533 1111 3594 10
1111 3535 1257 3633 exposui:

162 3619 285 3695 expungi
305 3619 432 3678 nimirum
455 3622 555 3697 debet,
580 3621 664 3697 inque
690 3621 748 3676 eius
769 3619 859 3678 locum
882 3617 1015 3674 substitui
1042 3610 1259 3696 povoipaoalon

162 3705 221 3760 sive
240 3698 491 3782 povoipaoallov;
508 3713 537 3763 et
552 3706 629 3763 notio
646 3708 715 3764 atrii
728 3723 778 3762 seu
798 3703 946 3763 ambulacri
962 3702 1005 3760 his
1027 3701 1136 3760 duobus
1155 3703 1259 3760 Codiui

163 3788 231 3846 locis
251 3787 430 3848 nullomodo
453 3791 587 3869 applicari
603 3795 713 3869 potest.
734 3808 799 3847 nam
817 3787 1004 3866 lampadarins
1027 3787 1126 3845 dicitur
1145 3787 1259 3865 pipern,

164 3874 284 3932 manibus
298 3873 389 3952 serre,
410 3893 472 3933 cum
491 3885 607 3934 accensa
623 3874 752 3952 lampade
766 3867 981 3952 ὅιβάμιιονιον.
1010 3889 1047 3930 an
1067 3871 1196 3930 conclave
1215 3871 1260 3930 rel

111 3999 114 4004 ·
165 3959 266 4016 atrium
286 3959 414 4018 manibus
435 3967 545 4037 gestare
564 3959 677 4038 potuit?
699 3961 771 4019 adde
790 3956 859 4015 haec
879 3959 915 4016 de
934 3955 1058 4015 conclavi
1076 3958 1211 4014 exteriore
1229 3961 1260 4014 et

164 4043 296 4101 interiore
306 4062 368 4102 esse
380 4045 514 4122 figmenta
527 4045 613 4122 Iunii,
636 4064 803 4121 quamquam
815 4044 877 4122 ipse
893 4036 1099 4121 ὄιβιιμιιονλον
1116 4059 1260 4114 nunquam

166 4129 205 4186 ad
226 4130 347 4186 exterius
363 4131 492 4190 caudave
506 4131 631 4206 rettulit,
650 4148 747 4208 neque
758 4129 862 4187 stiam
855 4147 885 4186 ιιι
900 4147 951 4186 suo
966 4126 1157 4202 manabambylo
1173 4121 1261 4180 ad
1226 4149 1260 4186 ca

167 4213 349 4272 mabalacram
361 4216 406 4275 vel
416 4217 563 4288 ambulare
580 4216 631 4273 sed
639 4207 678 4272 ad
687 4237 721 4276 ca
714 4209 899 4293 βαμβάλειν
916 4210 1044 4290 respexit.
1066 4208 1171 4265 accedit
1184 4211 1260 4308 apud

168 4295 324 4358 Pbranaem
341 4319 398 4361 non
414 4302 470 4381 legi
493 4296 715 4383 ιιιβάμιιονλον,
735 4299 786 4360 sed
805 4297 958 4357 diababala
979 4297 1009 4351 at
1020 4290 1158 4352 Meursius
1177 4295 1261 4351 corri-
