2802 4686
156 287 232 371 1⁵0
313 275 593 363 emereamur
611 287 746 362 οοιιιι
759 287 1104 384 conumeratus,

470 587 939 678 CAPUTXII.

233 841 263 904 p.
279 823 300 886 6
316 837 343 882 v.
356 821 386 888 9.
427 772 471 886 lu
484 825 584 880 octavo
596 820 723 898 quinario
735 817 839 904 primas
851 823 930 909 tenet
944 821 1113 906 prindere:
1124 817 1259 898 lecturus,

152 907 245 984 quiet
259 908 337 988 opud
350 905 470 966 Citrium
484 913 636 990 comperet
1170 919 1176 933 ·

177 1087 185 1104 ·
219 1021 285 1076 ibid.
322 1016 496 1106 dnpsupss'
515 1039 557 1084 sos
578 1019 636 1084 rus
656 1012 852 1092 empnam]
890 1016 1021 1106 aihtipm
1038 1015 1187 1102 simuiueum
1206 1015 1257 1070 (n-

150 1093 202 1142 trro
221 1095 313 1146 cuneta
327 1091 413 1144 officie
432 1109 458 1143 ιιι
499 1083 646 1160 reuerendi,
671 1081 797 1157 [aperturi
821 1084 870 1141 sub
886 1105 942 1142 των
959 1104 1146 1157 οιναγνοιοτων
1164 1087 1257 1140 volunt

150 1173 209 1210 esse
219 1159 308 1228 divise.
343 1160 483 1229 quindecim
494 1159 576 1234 prima
586 1158 698 1212 diaconis
709 1158 853 1226 amigrant,
870 1172 965 1226 eosque
982 1155 1016 1210 ad
1053 1157 1197 1209 striurebse
1213 1156 1255 1212 ia-

150 1226 332 1280 tusiudextro
345 1231 439 1296 ebore,
455 1229 720 1296 veinteiuseurism,
735 1227 837 1282 insuta
863 1225 1031 1296 sequentiap
1104 1243 1181 1294 quarn
1192 1231 1257 1294 upts

145 1296 327 1363 ⁸urereerdotibus
346 1299 516 1364 conveniant.
543 1313 640 1368 usquus
656 1299 739 1358 luctor
756 1313 790 1353 ex
809 1296 890 1364 pn‘rno
913 1297 1005 1353 obtutu
1027 1293 1128 1352 iudiest
1163 1303 1256 1366 proto-

149 1365 250 1448 penitae
274 1365 411 1449 vel-buius
430 1367 565 1422 interiores
581 1384 632 1426 usu
648 1367 698 1424 uisi
713 1363 853 1425 lectoribus
873 1360 987 1427 eonterri
1010 1362 1123 1431 citrino,
1146 1369 1257 1421 anctore

153 1449 202 1504 rpu
219 1442 406 1506 eonsenbeute,
424 1436 585 1494 determinat.
775 1443 799 1475 N

234 1540 273 1604 id.
292 1558 319 1600 v.
343 1543 392 1606 10.
419 1544 556 1618 Sequitur
574 1535 748 1622 ὅνομννός,
769 1540 818 1618 qui
837 1539 916 1619 apud
932 1537 1034 1598 Codin.
1052 1559 1082 1619 p.
1099 1541 1116 1602 1
1133 1537 1258 1608 edelun.

151 1629 197 1686 est
212 1620 428 1706 o‘uopoddsqc,
450 1629 532 1688 lunio
542 1634 712 1708 prosequier,
733 1628 783 1704 qui
798 1632 829 1687 et
843 1626 874 1684 in
887 1624 999 1684 scholiis
1011 1624 1081 1686 ista:
1098 1631 1256 1704 praeceptor

149 1715 190 1768 ert
209 1714 366 1772 murionum
385 1714 427 1772 usi
451 1719 592 1792 ψολτοῖν,
614 1711 854 1792 gymnudunedus,
874 1715 922 1792 qui
935 1715 1028 1790 posteo
1050 1713 1175 1790 coneptu
1193 1729 1256 1770 uoce

150 1794 299 1876 μνΐοτοιρ,
323 1796 353 1856 id
376 1803 416 1858 est
437 1804 584 1876 ungerer,
603 1799 755 1877 appelletur
778 1818 807 1876 p.
829 1794 872 1862 44
900 1799 939 1861 11
956 1805 988 1856 et
1008 1816 1036 1874 p·
1059 1797 1256 1862 autunum

148 1878 469 1960 haecmomentis
490 1889 524 1942 ut
543 1883 669 1945 dubitem
693 1882 814 1948 loannes
838 1881 960 1961 Citrius,
988 1880 1067 1960 apud
1094 1898 1180 1957 quem
1209 1885 1256 1941 est

147 1959 371 2046 νουμμοδόιης,
388 1972 490 2028 nummi
509 1968 602 2046 detur,
623 1974 657 2028 ut
681 1969 768 2028 vertit
788 1969 936 2046 interpres.
963 1966 1039 2026 sorte
1060 1966 1085 2024 is
1106 1971 1151 2024 est
1169 1984 1255 2044 quem

39 2061 63 2112 P
82 2065 133 2118 176
148 2069 201 2110 uos
215 2051 443 2130 empurium
461 2054 604 2132 appellare
620 2055 758 2129 solemus3
778 2053 833 2112 nisi
855 2053 919 2130 quis
933 2050 1084 2110 arbitretur
1097 2071 1161 2111 eum
1174 2051 1254 2130 apud

148 2135 271 2196 Graecos
302 2155 409 2198 mosen
435 2139 559 2216 viguisse
589 2141 638 2216 qui
660 2141 739 2219 apud
765 2157 820 2198 nos
848 2138 880 2199 in
908 2136 1003 2196 multis
1031 2136 1169 2216 eeclesiis,
1203 2137 1255 2202 uhi

146 2222 342 2299 praesentibus
373 2223 478 2284 clericis
512 2226 619 2301 aliquid
653 2225 789 2304 pecuniae
821 2223 885 2283 dari
912 2221 1006 2298 solet;
1037 2242 1122 2302 quam
1148 2229 1253 2286 vouaut

141 2313 297 2384 prusae,
320 2314 350 2368 et
369 2308 447 2372 ilium
469 2311 514 2368 cui
531 2330 634 2370 mimus
659 2309 847 2370 distribuendi
866 2308 1058 2389 commissum,
1074 2316 1252 2388 praeueniret.

143 2397 176 2450 at
194 2412 258 2452 eum
270 2393 398 2452 Codinus
408 2413 465 2454 uuo
480 2395 542 2454 loco
557 2395 663 2456 babeat
685 2389 874 2474 νομοδότην,
895 2394 985 2456 altero
1006 2413 1137 2473 expresse
1162 2417 1253 2474 νομι-

143 2470 215 2549 νόν,
234 2496 293 2538 nou
305 2478 417 2538 videtur
431 2481 578 2540 verisimile
599 2476 812 2560 souppoddrqu
834 2479 986 2558 legendum
1010 2498 1090 2552 esser
1111 2479 1166 2538 nisi
1186 2481 1251 2556 quis

142 2563 228 2622 etium
238 2564 331 2641 priore
341 2564 403 2624 loeo
416 2563 589 2645 νονμμινόν
605 2565 783 2634 novatorum
796 2584 814 2624 a
837 2584 943 2626 ονοιοιο
959 2565 1164 2624 restituendum
1181 2585 1251 2624 con-

143 2649 251 2706 tendat.
274 2649 339 2708 licet
350 2646 478 2729 νομικός
490 2670 603 2728 quoque
620 2645 702 2734 nupsi
717 2647 751 2716 sd
762 2644 874 2732 νόμος,
888 2654 922 2709 us
934 2669 1041 2712 numum
1053 2669 1105 2710 seu
1117 2670 1251 2712 nummum

143 2733 298 2813 signifieat,
319 2737 419 2796 deduci
432 2739 532 2818 possit
554 2737 657 2815 quodsi
671 2729 798 2816 νομικός
812 2736 851 2796 ad
867 2741 996 2799 cantores
1007 2738 1144 2816 pertinet,
1165 2735 1250 2814 plene

142 2817 291 2878 irridetur
304 2839 366 2880 esse
384 2823 433 2898 qui
450 2829 565 2884 cantum
578 2830 764 2899 cantoresque
778 2822 870 2900 regit,
881 2826 921 2881 fet
937 2826 971 2883 ut
991 2821 1077 2900 vulgo
1099 2822 1252 2904 loquimur²

144 2907 193 2982 qui
205 2911 306 2966 tectum
315 2909 441 2984 praedm
463 2908 510 2967 der
531 2909 580 2968 deu
598 2915 655 2970 tunt
674 2911 751 2985 gibt3
774 2907 829 2969 uisi
851 2907 896 2968 cui
920 2907 996 2966 sorte
1017 2907 1108 2986 magis
1125 2909 1250 2968 arrideat

143 2991 178 3047 ut
192 3007 243 3065 per
262 2985 388 3064 νομικόν
405 2998 436 3052 et
451 2986 623 3072 νομοὸότην
643 2994 783 3072 intelliget
803 2991 993 3070 irrepentem
1008 3012 1059 3052 seu
1078 2993 1146 3060 iuris
1160 2993 1249 3053 iuter-

142 3079 267 3150 pretem:
288 3074 384 3138 forsan
403 3077 478 3138 euim
499 3078 529 3138 in
544 3077 619 3148 clero
631 3098 751 3156 maguae
771 3077 902 3139 ecclesiae
920 3083 1048 3156 ternpore
1062 3077 1165 3138 Codini
1185 3085 1249 3140 erat

142 3158 167 3216 is
181 3159 230 3233 qui
244 3166 345 3238 postea
364 3162 457 3231 dietus
481 3176 527 3224 est
543 3158 737 3242 νομοφύλαξ,
759 3164 837 3224 cuius
855 3163 961 3222 mentio
980 3164 1010 3222 in
1032 3164 1170 3242 Tureogr.
1187 3164 1247 3230 l.7

140 3243 191 3304 sol.
204 3243 275 3310 506.
289 3265 343 3312 nee
355 3252 400 3306 est
421 3266 440 3306 a
461 3267 529 3308 vero
546 3249 667 3308 alienum
689 3251 776 3310 fuisse
796 3251 871 3310 inter
891 3247 1023 3312 officiales
1044 3250 1248 3310 emlesiastieos

141 3328 264 3432 aliquem
285 3333 333 3409 qui
357 3333 394 3394 de
420 3333 481 3394 iure
500 3354 638 3416 responsa
660 3337 749 3398 daret.
776 3334 952 3396 Glossarium
970 3331 1119 3416 Leunogr.
1139 3337 1252 3398 tabellio

140 3435 275 3494 νομινος.

209 3513 275 3568 ibid.
315 3506 472 3602 ἑνομινὸς]
500 3518 545 3589 qui
566 3517 637 3589 typis
654 3522 682 3574 et
699 3515 881 3604 aedesisstieis
899 3517 1008 3584 rubriois
1026 3517 1142 3603 opprime
1159 3517 1246 3601 erudi-

140 3581 414 3722 titutqdbtitt
432 3587 476 3709 it
490 3587 627 3712 tritt
639 3587 1247 3712 titiiadt“ttiidttttiiitn

139 3719 184 3787 qui
201 3719 285 3788 legem
302 3724 447 3777 cantoribus
459 3726 531 3796 ponit
542 3729 569 3778 et
582 3727 674 3780 eboros
685 3727 763 3795 regit.
798 3727 883 3781 solent
893 3733 1023 3782 nostrates
1035 3726 1124 3780 rausiei
1142 3725 1246 3780 elevata

96 3808 99 3816 ·
139 3791 314 3859 depressaque
329 3806 405 3845 menn
424 3801 514 3848 cantus
530 3795 628 3848 modurn
647 3803 674 3849 et
691 3795 804 3848 ordinem
823 3799 969 3867 praefigere
987 3797 1152 3862 cantoribus,
1175 3796 1247 3864 quod

140 3859 250 3927 Graecis
262 3859 353 3913 deesse
366 3863 474 3932 nequit3
492 3864 586 3934 quibus
597 3870 733 3935 praeterea
751 3865 812 3918 iliud
832 3874 872 3920 est
888 3868 914 3920 in
931 3883 994 3931 usu,
1018 3873 1048 3920 ut
1063 3865 1144 3920 variis
1155 3881 1246 3921 munus

138 3927 247 3982 dendus
265 3929 375 3984 motibus
394 3931 552 4002 diversisque
569 3932 708 4002 digitorum
726 3939 754 3988 et
767 3935 929 3992 articulorum
941 3935 1184 3990 conformationibus
1196 3951 1246 3986 va·

138 3995 189 4051 ries
203 4014 295 4052 vocum
311 3997 462 4055 inflexiones
477 4001 504 4054 in
521 4000 630 4056 omnium
647 4009 786 4073 conspeetu
805 4005 894 4058 melius
915 4023 987 4074 quern
1005 4004 1117 4056 musicae
1140 4002 1246 4056 notulae

137 4065 288 4135 designent,
312 4073 390 4138 atque
406 4069 445 4124 its
460 4088 511 4124 nou
528 4069 631 4141 seriptis
650 4073 695 4125 sed
715 4089 805 4127 manus
828 4075 945 4141 nutibus,
970 4091 1044 4142 quum
1063 4071 1244 4142 χειρονομίαν

138 4133 241 4218 dieunt,
268 4145 356 4191 eantus
375 4139 446 4210 leges
462 4141 497 4194 ob
518 4139 605 4194 οοιιΙοο
620 4145 726 4212 ponant.
760 4143 807 4196 bos
829 4161 886 4198 oum
903 4142 1049 4214 Tbeopbiio
1069 4145 1245 4220 χειρονομεῖν

139 4206 266 4260 scriberet
283 4207 433 4264 cedrenus:
451 4206 684 4280 anetorsopssodr
695 4217 832 4284 nuncupet.

222 4296 289 4356 idid.
329 4297 465 4378 Sequitur
484 4293 815 4385 ὅπροιιονονὸννρχος,
843 4304 944 4382 primus
969 4297 1170 4375 causaretur,
1200 4299 1243 4358 in-
