<?xml version="1.0" encoding="UTF-8"?>
<!DOCTYPE html PUBLIC "-//W3C//DTD XHTML 1.0 Transitional//EN"
    "http://www.w3.org/TR/xhtml1/DTD/xhtml1-transitional.dtd">
<html xmlns="http://www.w3.org/1999/xhtml" xml:lang="en" lang="en">
 <head>
  <title>
</title>
<meta http-equiv="Content-Type" content="text/html;charset=utf-8" />
  <meta name='ocr-system' content='tesseract 3.04.00' />
  <meta name='ocr-capabilities' content='ocr_page ocr_carea ocr_par ocr_line ocrx_word'/>
</head>
<body>
  <div class='ocr_page' id='page_1' title='image "./deofficialibusp00bekkgoog/deofficialibusp00bekkgoog_0014.png"; bbox 0 0 2782 4686; ppageno 0'>
   <div class='ocr_carea' id='block_1_1' title="bbox 328 703 1082 997">
    <p class='ocr_par' dir='ltr' id='par_1_1' title="bbox 328 703 1082 997">
     <span class='ocr_line' id='line_1_1' title="bbox 328 703 1082 857; baseline -0.007 -5"><span class='ocrx_word' id='word_1_1' title='bbox 328 703 385 857; x_wconf 72' lang='lat'><strong>12&#39;.</strong></span> <span class='ocrx_word' id='word_1_2' title='bbox 432 742 808 856; x_wconf 78' lang='lat' dir='ltr'><strong>racanas</strong></span> <span class='ocrx_word' id='word_1_3' title='bbox 849 742 1082 855; x_wconf 81' lang='lat' dir='ltr'><strong>oona</strong></span> 
     </span>
     <span class='ocr_line' id='line_1_2' title="bbox 571 917 851 997; baseline -0.007 -2"><span class='ocrx_word' id='word_1_4' title='bbox 571 917 851 997; x_wconf 84' lang='lat' dir='ltr'>LECTORI.</span> 
     </span>
    </p>
   </div>
   <div class='ocr_carea' id='block_1_2' title="bbox 617 1067 821 1078">
    <p class='ocr_par' dir='ltr' id='par_1_2' title="bbox 617 1067 821 1078">
     <span class='ocr_line' id='line_1_3' title="bbox 617 1067 821 1078; baseline -0.01 0"><span class='ocrx_word' id='word_1_5' title='bbox 617 1067 821 1078; x_wconf 73' lang='lat'>...-—-----</span> 
     </span>
    </p>
   </div>
   <div class='ocr_carea' id='block_1_3' title="bbox 159 1167 1262 1802">
    <p class='ocr_par' dir='ltr' id='par_1_3' title="bbox 159 1167 1262 1802">
     <span class='ocr_line' id='line_1_4' title="bbox 163 1167 1256 1306; baseline -0.005 -38"><span class='ocrx_word' id='word_1_6' title='bbox 163 1167 269 1306; x_wconf 84' lang='lat' dir='ltr'><strong>Quod</strong></span> <span class='ocrx_word' id='word_1_7' title='bbox 289 1227 342 1270; x_wconf 90' lang='lat' dir='ltr'><strong>usu</strong></span> <span class='ocrx_word' id='word_1_8' title='bbox 358 1210 433 1271; x_wconf 80' lang='lat' dir='ltr'><strong>solet</strong></span> <span class='ocrx_word' id='word_1_9' title='bbox 450 1213 560 1274; x_wconf 87' lang='lat' dir='ltr'><strong>evenire</strong></span> <span class='ocrx_word' id='word_1_10' title='bbox 577 1211 630 1274; x_wconf 84' lang='lat' dir='ltr'><strong>illis</strong></span> <span class='ocrx_word' id='word_1_11' title='bbox 648 1214 697 1291; x_wconf 91' lang='lat' dir='ltr'><strong>qui</strong></span> <span class='ocrx_word' id='word_1_12' title='bbox 714 1214 788 1274; x_wconf 90' lang='lat' dir='ltr'><strong>inter</strong></span> <span class='ocrx_word' id='word_1_13' title='bbox 803 1211 985 1292; x_wconf 85' lang='lat' dir='ltr'><strong>expurganda</strong></span> <span class='ocrx_word' id='word_1_14' title='bbox 1004 1210 1158 1268; x_wconf 85' lang='lat' dir='ltr'><strong>dimtorum</strong></span> <span class='ocrx_word' id='word_1_15' title='bbox 1180 1204 1256 1264; x_wconf 88' lang='lat' dir='ltr'><strong>aedi-</strong></span> 
     </span>
     <span class='ocr_line' id='line_1_5' title="bbox 161 1289 1256 1388; baseline -0.006 -18"><span class='ocrx_word' id='word_1_16' title='bbox 161 1311 285 1370; x_wconf 84' lang='lat' dir='ltr'><strong>ficiorum</strong></span> <span class='ocrx_word' id='word_1_17' title='bbox 308 1314 411 1373; x_wconf 86' lang='lat' dir='ltr'><strong>rudera</strong></span> <span class='ocrx_word' id='word_1_18' title='bbox 425 1321 533 1376; x_wconf 86' lang='lat' dir='ltr'><strong>veteres</strong></span> <span class='ocrx_word' id='word_1_19' title='bbox 555 1317 704 1378; x_wconf 84' lang='lat' dir='ltr'><strong>offendunt</strong></span> <span class='ocrx_word' id='word_1_20' title='bbox 723 1321 754 1376; x_wconf 91' lang='lat' dir='ltr'><strong>et</strong></span> <span class='ocrx_word' id='word_1_21' title='bbox 772 1289 911 1375; x_wconf 74' lang='lat' dir='ltr'><strong>effodiunt</strong></span> <span class='ocrx_word' id='word_1_22' title='bbox 933 1329 1070 1388; x_wconf 86' lang='lat' dir='ltr'><strong>nummos,</strong></span> <span class='ocrx_word' id='word_1_23' title='bbox 1098 1296 1167 1367; x_wconf 87' lang='lat' dir='ltr'><strong>illud</strong></span> <span class='ocrx_word' id='word_1_24' title='bbox 1181 1308 1256 1364; x_wconf 88' lang='lat' dir='ltr'><strong>idem</strong></span> 
     </span>
     <span class='ocr_line' id='line_1_6' title="bbox 162 1403 1262 1499; baseline -0.005 -29"><span class='ocrx_word' id='word_1_25' title='bbox 162 1412 297 1474; x_wconf 85' lang='lat' dir='ltr'><strong>hactenus</strong></span> <span class='ocrx_word' id='word_1_26' title='bbox 323 1415 472 1480; x_wconf 85' lang='lat' dir='ltr'><strong>Codiniani</strong></span> <span class='ocrx_word' id='word_1_27' title='bbox 494 1419 588 1498; x_wconf 86' lang='lat' dir='ltr'><strong>operis</strong></span> <span class='ocrx_word' id='word_1_28' title='bbox 609 1417 807 1499; x_wconf 79' lang='lat' dir='ltr'><strong>interpretibus</strong></span> <span class='ocrx_word' id='word_1_29' title='bbox 837 1409 988 1494; x_wconf 87' lang='lat' dir='ltr'><strong>contigisse</strong></span> <span class='ocrx_word' id='word_1_30' title='bbox 1017 1403 1170 1488; x_wconf 87' lang='lat' dir='ltr'><strong>neminem,</strong></span> <span class='ocrx_word' id='word_1_31' title='bbox 1207 1408 1262 1487; x_wconf 86' lang='lat' dir='ltr'><strong>qui</strong></span> 
     </span>
     <span class='ocr_line' id='line_1_7' title="bbox 162 1514 1258 1601; baseline -0.008 -24"><span class='ocrx_word' id='word_1_32' title='bbox 162 1514 279 1594; x_wconf 82' lang='lat' dir='ltr'><strong>legerit,</strong></span> <span class='ocrx_word' id='word_1_33' title='bbox 304 1517 406 1578; x_wconf 79' lang='lat' dir='ltr'><strong>infitias</strong></span> <span class='ocrx_word' id='word_1_34' title='bbox 421 1520 525 1580; x_wconf 86' lang='lat' dir='ltr'><strong>iturum</strong></span> <span class='ocrx_word' id='word_1_35' title='bbox 539 1527 625 1601; x_wconf 85' lang='lat' dir='ltr'><strong>puto,</strong></span> <span class='ocrx_word' id='word_1_36' title='bbox 648 1521 687 1580; x_wconf 92' lang='lat' dir='ltr'><strong>illi</strong></span> <span class='ocrx_word' id='word_1_37' title='bbox 707 1519 845 1597; x_wconf 80' lang='lat' dir='ltr'>siquidem</span> <span class='ocrx_word' id='word_1_38' title='bbox 860 1517 909 1576; x_wconf 89' lang='lat' dir='ltr'><strong>nbi</strong></span> <span class='ocrx_word' id='word_1_39' title='bbox 928 1519 1040 1596; x_wconf 86' lang='lat' dir='ltr'><strong>praeter</strong></span> <span class='ocrx_word' id='word_1_40' title='bbox 1054 1533 1163 1574; x_wconf 89' lang='lat' dir='ltr'><strong>omnem</strong></span> <span class='ocrx_word' id='word_1_41' title='bbox 1177 1529 1258 1590; x_wconf 87' lang='lat' dir='ltr'><strong>spem</strong></span> 
     </span>
     <span class='ocr_line' id='line_1_8' title="bbox 159 1605 1258 1702; baseline -0.009 -23"><span class='ocrx_word' id='word_1_42' title='bbox 159 1617 190 1675; x_wconf 81' lang='lat' dir='ltr'><strong>in</strong></span> <span class='ocrx_word' id='word_1_43' title='bbox 212 1617 326 1694; x_wconf 82' lang='lat' dir='ltr'><strong>aliquod</strong></span> <span class='ocrx_word' id='word_1_44' title='bbox 347 1605 484 1682; x_wconf 86' lang='lat' dir='ltr'><strong>numisma</strong></span> <span class='ocrx_word' id='word_1_45' title='bbox 500 1623 637 1701; x_wconf 75' lang='lat' dir='ltr'><strong>incidere,</strong></span> <span class='ocrx_word' id='word_1_46' title='bbox 663 1641 696 1683; x_wconf 90' lang='lat' dir='ltr'><strong>se</strong></span> <span class='ocrx_word' id='word_1_47' title='bbox 713 1621 867 1702; x_wconf 76' lang='lat' dir='ltr'>locupletes</span> <span class='ocrx_word' id='word_1_48' title='bbox 881 1617 1058 1690; x_wconf 82' lang='lat' dir='ltr'><strong>existimant3</strong></span> <span class='ocrx_word' id='word_1_49' title='bbox 1087 1616 1163 1676; x_wconf 89' lang='lat' dir='ltr'><strong>unde</strong></span> <span class='ocrx_word' id='word_1_50' title='bbox 1181 1613 1258 1671; x_wconf 87' lang='lat' dir='ltr'><strong>facto</strong></span> 
     </span>
     <span class='ocr_line' id='line_1_9' title="bbox 160 1719 1259 1802; baseline -0.01 -19"><span class='ocrx_word' id='word_1_51' title='bbox 160 1719 268 1798; x_wconf 86' lang='lat' dir='ltr'><strong>impetu</strong></span> <span class='ocrx_word' id='word_1_52' title='bbox 281 1720 412 1800; x_wconf 76' lang='lat' dir='ltr'><strong>ituram,</strong></span> <span class='ocrx_word' id='word_1_53' title='bbox 428 1729 458 1782; x_wconf 85' lang='lat' dir='ltr'><strong>et</strong></span> <span class='ocrx_word' id='word_1_54' title='bbox 481 1726 562 1802; x_wconf 87' lang='lat' dir='ltr'><strong>quasi</strong></span> <span class='ocrx_word' id='word_1_55' title='bbox 574 1726 649 1784; x_wconf 79' lang='lat' dir='ltr'><strong>foret</strong></span> <span class='ocrx_word' id='word_1_56' title='bbox 668 1721 948 1784; x_wconf 81' lang='lat' dir='ltr'><strong>reconditi-thesauri</strong></span> <span class='ocrx_word' id='word_1_57' title='bbox 966 1723 1172 1796; x_wconf 81' lang='lat' dir='ltr'><strong>argumentum,</strong></span> <span class='ocrx_word' id='word_1_58' title='bbox 1198 1733 1259 1773; x_wconf 87' lang='lat' dir='ltr'><strong>ma-</strong></span> 
     </span>
    </p>
   </div>
   <div class='ocr_carea' id='block_1_4' title="bbox 61 1820 1268 1906">
    <p class='ocr_par' dir='ltr' id='par_1_4' title="bbox 61 1820 1268 1906">
     <span class='ocr_line' id='line_1_10' title="bbox 61 1820 1268 1906; baseline 0.015 -31"><span class='ocrx_word' id='word_1_59' title='bbox 61 1863 63 1866; x_wconf 86' lang='lat'><em>.</em></span> <span class='ocrx_word' id='word_1_60' title='bbox 161 1821 214 1880; x_wconf 89' lang='lat' dir='ltr'><strong>iori</strong></span> <span class='ocrx_word' id='word_1_61' title='bbox 226 1821 369 1882; x_wconf 90' lang='lat' dir='ltr'><strong>conamine</strong></span> <span class='ocrx_word' id='word_1_62' title='bbox 386 1829 491 1885; x_wconf 88' lang='lat' dir='ltr'><strong>terram</strong></span> <span class='ocrx_word' id='word_1_63' title='bbox 509 1827 574 1886; x_wconf 90' lang='lat' dir='ltr'><strong>binc</strong></span> <span class='ocrx_word' id='word_1_64' title='bbox 593 1827 660 1887; x_wconf 90' lang='lat' dir='ltr'><strong>inde</strong></span> <span class='ocrx_word' id='word_1_65' title='bbox 680 1831 793 1906; x_wconf 78' lang='lat' dir='ltr'><strong>eruunt,</strong></span> <span class='ocrx_word' id='word_1_66' title='bbox 813 1825 949 1903; x_wconf 52' lang='lat' dir='ltr'><strong>pudent,</strong></span> <span class='ocrx_word' id='word_1_67' title='bbox 968 1821 1112 1896; x_wconf 81' lang='lat' dir='ltr'><strong>mirantur,</strong></span> <span class='ocrx_word' id='word_1_68' title='bbox 1133 1820 1268 1896; x_wconf 64' lang='lat' dir='ltr'><strong>⁸Pffl²¹¹ls</strong></span> 
     </span>
    </p>
   </div>
   <div class='ocr_carea' id='block_1_5' title="bbox 160 1917 1263 2406">
    <p class='ocr_par' dir='ltr' id='par_1_5' title="bbox 160 1917 1263 2406">
     <span class='ocr_line' id='line_1_11' title="bbox 162 1917 1261 2007; baseline 0.005 -25"><span class='ocrx_word' id='word_1_69' title='bbox 162 1929 194 1982; x_wconf 93' lang='lat' dir='ltr'><strong>et</strong></span> <span class='ocrx_word' id='word_1_70' title='bbox 222 1927 365 2000; x_wconf 81' lang='lat' dir='ltr'><strong>quodnam</strong></span> <span class='ocrx_word' id='word_1_71' title='bbox 387 1927 426 1985; x_wconf 84' lang='lat' dir='ltr'><strong>sit</strong></span> <span class='ocrx_word' id='word_1_72' title='bbox 448 1927 552 1988; x_wconf 84' lang='lat' dir='ltr'><strong>metalli</strong></span> <span class='ocrx_word' id='word_1_73' title='bbox 575 1947 665 2007; x_wconf 87' lang='lat' dir='ltr'><strong>genus</strong></span> <span class='ocrx_word' id='word_1_74' title='bbox 686 1934 737 1989; x_wconf 90' lang='lat' dir='ltr'><strong>aut</strong></span> <span class='ocrx_word' id='word_1_75' title='bbox 769 1933 898 1988; x_wconf 87' lang='lat' dir='ltr'><strong>monetae</strong></span> <span class='ocrx_word' id='word_1_76' title='bbox 929 1922 1036 2003; x_wconf 86' lang='lat' dir='ltr'><strong>species</strong></span> <span class='ocrx_word' id='word_1_77' title='bbox 1057 1917 1261 1993; x_wconf 79' lang='lat' dir='ltr'><strong>unusquisque,</strong></span> 
     </span>
     <span class='ocr_line' id='line_1_12' title="bbox 161 2017 1261 2104; baseline -0.008 -20"><span class='ocrx_word' id='word_1_78' title='bbox 161 2030 248 2103; x_wconf 88' lang='lat' dir='ltr'><strong>prout</strong></span> <span class='ocrx_word' id='word_1_79' title='bbox 273 2027 360 2086; x_wconf 82' lang='lat' dir='ltr'><strong>menti</strong></span> <span class='ocrx_word' id='word_1_80' title='bbox 384 2031 521 2104; x_wconf 85' lang='lat' dir='ltr'><strong>occurrit,</strong></span> <span class='ocrx_word' id='word_1_81' title='bbox 548 2031 757 2104; x_wconf 85' lang='lat' dir='ltr'><strong>interpretatur.</strong></span> <span class='ocrx_word' id='word_1_82' title='bbox 799 2049 844 2088; x_wconf 91' lang='lat' dir='ltr'><strong>me</strong></span> <span class='ocrx_word' id='word_1_83' title='bbox 864 2026 1002 2103; x_wconf 75' lang='lat' dir='ltr'>Hercule,</span> <span class='ocrx_word' id='word_1_84' title='bbox 1030 2025 1054 2082; x_wconf 91' lang='lat' dir='ltr'><strong>si</strong></span> <span class='ocrx_word' id='word_1_85' title='bbox 1082 2039 1140 2079; x_wconf 91' lang='lat' dir='ltr'><strong>non</strong></span> <span class='ocrx_word' id='word_1_86' title='bbox 1167 2017 1261 2076; x_wconf 87' lang='lat' dir='ltr'><strong>felices</strong></span> 
     </span>
     <span class='ocr_line' id='line_1_13' title="bbox 160 2123 1263 2205; baseline -0.007 -20"><span class='ocrx_word' id='word_1_87' title='bbox 160 2125 286 2204; x_wconf 88' lang='lat' dir='ltr'><strong>omnino,</strong></span> <span class='ocrx_word' id='word_1_88' title='bbox 304 2127 329 2184; x_wconf 88' lang='lat' dir='ltr'><strong>si</strong></span> <span class='ocrx_word' id='word_1_89' title='bbox 342 2143 400 2184; x_wconf 90' lang='lat' dir='ltr'><strong>non</strong></span> <span class='ocrx_word' id='word_1_90' title='bbox 412 2125 513 2184; x_wconf 85' lang='lat' dir='ltr'><strong>divites</strong></span> <span class='ocrx_word' id='word_1_91' title='bbox 525 2125 575 2203; x_wconf 87' lang='lat' dir='ltr'><strong>illi,</strong></span> <span class='ocrx_word' id='word_1_92' title='bbox 595 2125 680 2196; x_wconf 81' lang='lat' dir='ltr'><strong>beata</strong></span> <span class='ocrx_word' id='word_1_93' title='bbox 691 2129 859 2188; x_wconf 85' lang='lat' dir='ltr'><strong>numismata</strong></span> <span class='ocrx_word' id='word_1_94' title='bbox 874 2127 989 2205; x_wconf 85' lang='lat' dir='ltr'><strong>quaein</strong></span> <span class='ocrx_word' id='word_1_95' title='bbox 1001 2124 1111 2184; x_wconf 90' lang='lat' dir='ltr'><strong>illorum</strong></span> <span class='ocrx_word' id='word_1_96' title='bbox 1126 2123 1263 2180; x_wconf 85' lang='lat' dir='ltr'>devenere</span> 
     </span>
     <span class='ocr_line' id='line_1_14' title="bbox 162 2223 1262 2304; baseline -0.005 -20"><span class='ocrx_word' id='word_1_97' title='bbox 162 2244 279 2302; x_wconf 86' lang='lat' dir='ltr'><strong>manus,</strong></span> <span class='ocrx_word' id='word_1_98' title='bbox 304 2243 422 2301; x_wconf 88' lang='lat' dir='ltr'><strong>quarum</strong></span> <span class='ocrx_word' id='word_1_99' title='bbox 441 2245 530 2304; x_wconf 90' lang='lat' dir='ltr'><strong>opera</strong></span> <span class='ocrx_word' id='word_1_100' title='bbox 552 2233 726 2287; x_wconf 85' lang='lat' dir='ltr'><strong>contractam</strong></span> <span class='ocrx_word' id='word_1_101' title='bbox 745 2231 879 2287; x_wconf 87' lang='lat' dir='ltr'><strong>amittunt</strong></span> <span class='ocrx_word' id='word_1_102' title='bbox 895 2229 1062 2304; x_wconf 82' lang='lat' dir='ltr'><strong>rubiginem,</strong></span> <span class='ocrx_word' id='word_1_103' title='bbox 1084 2231 1115 2284; x_wconf 88' lang='lat' dir='ltr'><strong>et</strong></span> <span class='ocrx_word' id='word_1_104' title='bbox 1129 2223 1262 2300; x_wconf 88' lang='lat' dir='ltr'><strong>quioquid</strong></span> 
     </span>
     <span class='ocr_line' id='line_1_15' title="bbox 162 2324 1261 2406; baseline -0.005 -20"><span class='ocrx_word' id='word_1_105' title='bbox 162 2326 322 2403; x_wconf 88' lang='lat' dir='ltr'><strong>squalidum</strong></span> <span class='ocrx_word' id='word_1_106' title='bbox 345 2326 511 2384; x_wconf 75' lang='lat' dir='ltr'>adhaeserat</span> <span class='ocrx_word' id='word_1_107' title='bbox 532 2326 694 2406; x_wconf 86' lang='lat' dir='ltr'><strong>deponunt,</strong></span> <span class='ocrx_word' id='word_1_108' title='bbox 722 2328 764 2388; x_wconf 83' lang='lat' dir='ltr'><strong>ite</strong></span> <span class='ocrx_word' id='word_1_109' title='bbox 781 2333 816 2386; x_wconf 87' lang='lat' dir='ltr'><strong>nt</strong></span> <span class='ocrx_word' id='word_1_110' title='bbox 837 2328 862 2384; x_wconf 92' lang='lat' dir='ltr'><strong>si</strong></span> <span class='ocrx_word' id='word_1_111' title='bbox 880 2343 938 2386; x_wconf 92' lang='lat' dir='ltr'><strong>non</strong></span> <span class='ocrx_word' id='word_1_112' title='bbox 956 2327 1105 2405; x_wconf 88' lang='lat' dir='ltr'><strong>pristinum</strong></span> <span class='ocrx_word' id='word_1_113' title='bbox 1129 2324 1261 2401; x_wconf 86' lang='lat' dir='ltr'><strong>valorem,</strong></span> 
     </span>
    </p>
   </div>
   <div class='ocr_carea' id='block_1_6' title="bbox 161 2425 1321 2509">
    <p class='ocr_par' dir='ltr' id='par_1_6' title="bbox 161 2425 1321 2509">
     <span class='ocr_line' id='line_1_16' title="bbox 161 2425 1321 2509; baseline -0.003 -23"><span class='ocrx_word' id='word_1_114' title='bbox 161 2429 324 2486; x_wconf 87' lang='lat' dir='ltr'><strong>restitutum</strong></span> <span class='ocrx_word' id='word_1_115' title='bbox 347 2426 448 2486; x_wconf 87' lang='lat' dir='ltr'><strong>saltem</strong></span> <span class='ocrx_word' id='word_1_116' title='bbox 470 2445 505 2486; x_wconf 83' lang='lat' dir='ltr'><strong>ex</strong></span> <span class='ocrx_word' id='word_1_117' title='bbox 529 2426 623 2502; x_wconf 87' lang='lat' dir='ltr'><strong>aliqua</strong></span> <span class='ocrx_word' id='word_1_118' title='bbox 648 2434 730 2509; x_wconf 87' lang='lat' dir='ltr'><strong>parte</strong></span> <span class='ocrx_word' id='word_1_119' title='bbox 752 2429 890 2509; x_wconf 88' lang='lat' dir='ltr'><strong>recipiant</strong></span> <span class='ocrx_word' id='word_1_120' title='bbox 912 2426 1097 2506; x_wconf 81' lang='lat' dir='ltr'><strong>splendorem.</strong></span> <span class='ocrx_word' id='word_1_121' title='bbox 1136 2425 1261 2486; x_wconf 76' lang='lat' dir='ltr'><strong>fossores</strong></span> <span class='ocrx_word' id='word_1_122' title='bbox 1315 2435 1321 2442; x_wconf 85' lang='grc'><strong>“</strong></span> 
     </span>
    </p>
   </div>
   <div class='ocr_carea' id='block_1_7' title="bbox 163 2528 1266 2814">
    <p class='ocr_par' dir='ltr' id='par_1_7' title="bbox 163 2528 1266 2814">
     <span class='ocr_line' id='line_1_17' title="bbox 163 2528 1263 2616; baseline -0.002 -28"><span class='ocrx_word' id='word_1_123' title='bbox 163 2548 230 2590; x_wconf 87' lang='lat' dir='ltr'><strong>vero</strong></span> <span class='ocrx_word' id='word_1_124' title='bbox 249 2549 301 2590; x_wconf 88' lang='lat' dir='ltr'><strong>nec</strong></span> <span class='ocrx_word' id='word_1_125' title='bbox 321 2530 435 2589; x_wconf 88' lang='lat' dir='ltr'><strong>ditiores</strong></span> <span class='ocrx_word' id='word_1_126' title='bbox 453 2546 506 2588; x_wconf 91' lang='lat' dir='ltr'><strong>nec</strong></span> <span class='ocrx_word' id='word_1_127' title='bbox 523 2529 658 2592; x_wconf 86' lang='lat' dir='ltr'><strong>feliciores</strong></span> <span class='ocrx_word' id='word_1_128' title='bbox 679 2531 808 2612; x_wconf 89' lang='lat' dir='ltr'><strong>appello,</strong></span> <span class='ocrx_word' id='word_1_129' title='bbox 841 2530 866 2588; x_wconf 93' lang='lat' dir='ltr'><strong>si</strong></span> <span class='ocrx_word' id='word_1_130' title='bbox 889 2530 1010 2616; x_wconf 90' lang='lat' dir='ltr'><strong>pretium</strong></span> <span class='ocrx_word' id='word_1_131' title='bbox 1034 2528 1211 2604; x_wconf 86' lang='lat' dir='ltr'><strong>nullum-sit,</strong></span> <span class='ocrx_word' id='word_1_132' title='bbox 1237 2529 1263 2586; x_wconf 89' lang='lat' dir='ltr'><strong>si</strong></span> 
     </span>
     <span class='ocr_line' id='line_1_18' title="bbox 163 2623 1262 2713; baseline -0.002 -23"><span class='ocrx_word' id='word_1_133' title='bbox 163 2623 241 2690; x_wconf 79' lang='lat' dir='ltr'><strong>errius</strong></span> <span class='ocrx_word' id='word_1_134' title='bbox 262 2632 394 2711; x_wconf 87' lang='lat' dir='ltr'><strong>principis</strong></span> <span class='ocrx_word' id='word_1_135' title='bbox 414 2636 621 2713; x_wconf 85' lang='lat' dir='ltr'><strong>inscriptionem</strong></span> <span class='ocrx_word' id='word_1_136' title='bbox 643 2635 783 2692; x_wconf 88' lang='lat' dir='ltr'><strong>numisma-</strong></span> <span class='ocrx_word' id='word_1_137' title='bbox 805 2634 878 2692; x_wconf 82' lang='lat' dir='ltr'><strong>ierat</strong></span> <span class='ocrx_word' id='word_1_138' title='bbox 901 2639 952 2692; x_wconf 89' lang='lat' dir='ltr'><strong>aut</strong></span> <span class='ocrx_word' id='word_1_139' title='bbox 975 2631 1124 2709; x_wconf 86' lang='lat' dir='ltr'><strong>imaginem</strong></span> <span class='ocrx_word' id='word_1_140' title='bbox 1150 2647 1262 2708; x_wconf 87' lang='lat' dir='ltr'><strong>reprae-</strong></span> 
     </span>
     <span class='ocr_line' id='line_1_19' title="bbox 165 2731 1266 2814; baseline -0.003 -22"><span class='ocrx_word' id='word_1_141' title='bbox 165 2738 259 2793; x_wconf 89' lang='lat' dir='ltr'><strong>sentat</strong></span> <span class='ocrx_word' id='word_1_142' title='bbox 282 2734 421 2811; x_wconf 80' lang='lat' dir='ltr'><strong>ignorent.</strong></span> <span class='ocrx_word' id='word_1_143' title='bbox 464 2755 562 2797; x_wconf 85' lang='lat' dir='ltr'><strong>exesos</strong></span> <span class='ocrx_word' id='word_1_144' title='bbox 587 2737 714 2814; x_wconf 91' lang='lat' dir='ltr'><strong>rubigine</strong></span> <span class='ocrx_word' id='word_1_145' title='bbox 734 2736 907 2794; x_wconf 81' lang='lat' dir='ltr'><strong>characteres</strong></span> <span class='ocrx_word' id='word_1_146' title='bbox 927 2734 1115 2813; x_wconf 83' lang='lat' dir='ltr'><strong>perlustrant3</strong></span> <span class='ocrx_word' id='word_1_147' title='bbox 1152 2751 1186 2792; x_wconf 91' lang='lat' dir='ltr'><strong>ac</strong></span> <span class='ocrx_word' id='word_1_148' title='bbox 1207 2731 1266 2790; x_wconf 56' lang='lat' dir='ltr'><strong>nisi*</strong></span> 
     </span>
    </p>
   </div>
   <div class='ocr_carea' id='block_1_8' title="bbox 39 2837 1262 2917">
    <p class='ocr_par' dir='ltr' id='par_1_8' title="bbox 39 2837 1262 2917">
     <span class='ocr_line' id='line_1_20' title="bbox 39 2837 1262 2917; baseline -0.001 -21"><span class='ocrx_word' id='word_1_149' title='bbox 39 2906 47 2917; x_wconf 87' lang='lat'><em>.</em></span> <span class='ocrx_word' id='word_1_150' title='bbox 167 2837 310 2902; x_wconf 77' lang='lat' dir='ltr'><strong>vaticinari</strong></span> <span class='ocrx_word' id='word_1_151' title='bbox 334 2841 463 2899; x_wconf 87' lang='lat' dir='ltr'><strong>noverint</strong></span> <span class='ocrx_word' id='word_1_152' title='bbox 488 2847 538 2898; x_wconf 85' lang='lat' dir='ltr'><strong>aut</strong></span> <span class='ocrx_word' id='word_1_153' title='bbox 562 2840 677 2899; x_wconf 83' lang='lat' dir='ltr'><strong>aliunde</strong></span> <span class='ocrx_word' id='word_1_154' title='bbox 696 2838 853 2917; x_wconf 87' lang='lat' dir='ltr'><strong>acceperint</strong></span> <span class='ocrx_word' id='word_1_155' title='bbox 873 2837 942 2915; x_wconf 91' lang='lat' dir='ltr'><strong>qnid</strong></span> <span class='ocrx_word' id='word_1_156' title='bbox 965 2837 1061 2898; x_wconf 87' lang='lat' dir='ltr'><strong>literae</strong></span> <span class='ocrx_word' id='word_1_157' title='bbox 1084 2838 1129 2898; x_wconf 85' lang='lat' dir='ltr'><strong>vel</strong></span> <span class='ocrx_word' id='word_1_158' title='bbox 1155 2839 1262 2915; x_wconf 84' lang='lat' dir='ltr'><strong>figurae</strong></span> 
     </span>
    </p>
   </div>
   <div class='ocr_carea' id='block_1_9' title="bbox 168 2938 1263 3123">
    <p class='ocr_par' dir='ltr' id='par_1_9' title="bbox 168 2938 1263 3123">
     <span class='ocr_line' id='line_1_21' title="bbox 168 2938 1261 3020; baseline -0.002 -22"><span class='ocrx_word' id='word_1_159' title='bbox 168 2939 340 3018; x_wconf 82' lang='lat' dir='ltr'><strong>significent,</strong></span> <span class='ocrx_word' id='word_1_160' title='bbox 366 2959 425 3001; x_wconf 87' lang='lat' dir='ltr'><strong>non</strong></span> <span class='ocrx_word' id='word_1_161' title='bbox 447 2942 644 3020; x_wconf 85' lang='lat' dir='ltr'><strong>explanabunt.</strong></span> <span class='ocrx_word' id='word_1_162' title='bbox 683 2938 975 3016; x_wconf 71' lang='lat' dir='ltr'><strong>¹verumtamen‘quod</strong></span> <span class='ocrx_word' id='word_1_163' title='bbox 1001 2941 1039 2999; x_wconf 90' lang='lat' dir='ltr'><strong>ad</strong></span> <span class='ocrx_word' id='word_1_164' title='bbox 1064 2941 1173 3000; x_wconf 85' lang='lat' dir='ltr'><strong>Codini</strong></span> <span class='ocrx_word' id='word_1_165' title='bbox 1190 2959 1261 3018; x_wconf 90' lang='lat' dir='ltr'><strong>opus</strong></span> 
     </span>
     <span class='ocr_line' id='line_1_22' title="bbox 169 3042 1263 3123; baseline -0.003 -22"><span class='ocrx_word' id='word_1_166' title='bbox 169 3043 286 3120; x_wconf 86' lang='lat' dir='ltr'><strong>attinet,</strong></span> <span class='ocrx_word' id='word_1_167' title='bbox 321 3043 433 3103; x_wconf 81' lang='lat' dir='ltr'><strong>etiamsi·</strong></span> <span class='ocrx_word' id='word_1_168' title='bbox 449 3063 518 3123; x_wconf 90' lang='lat' dir='ltr'><strong>prae</strong></span> <span class='ocrx_word' id='word_1_169' title='bbox 541 3048 681 3102; x_wconf 89' lang='lat' dir='ltr'><strong>vetustate</strong></span> <span class='ocrx_word' id='word_1_170' title='bbox 708 3063 767 3102; x_wconf 94' lang='lat' dir='ltr'><strong>non</strong></span> <span class='ocrx_word' id='word_1_171' title='bbox 791 3043 830 3102; x_wconf 88' lang='lat' dir='ltr'><strong>sit</strong></span> <span class='ocrx_word' id='word_1_172' title='bbox 854 3042 1012 3120; x_wconf 80' lang='lat' dir='ltr'><strong>rancidmn,</strong></span> <span class='ocrx_word' id='word_1_173' title='bbox 1044 3062 1112 3122; x_wconf 86' lang='lat' dir='ltr'><strong>prae</strong></span> <span class='ocrx_word' id='word_1_174' title='bbox 1137 3042 1263 3102; x_wconf 85' lang='lat' dir='ltr'><strong>novitate</strong></span> 
     </span>
    </p>
   </div>
   <div class='ocr_carea' id='block_1_10' title="bbox 58 3137 1262 3224">
    <p class='ocr_par' dir='ltr' id='par_1_10' title="bbox 58 3137 1262 3224">
     <span class='ocr_line' id='line_1_23' title="bbox 58 3137 1262 3224; baseline -0.002 -20"><span class='ocrx_word' id='word_1_175' title='bbox 58 3211 59 3215; x_wconf 36' lang='lat'><strong>,</strong></span> <span class='ocrx_word' id='word_1_176' title='bbox 132 3143 134 3150; x_wconf 76' lang='grc'>’</span> <span class='ocrx_word' id='word_1_177' title='bbox 168 3149 278 3223; x_wconf 88' lang='lat' dir='ltr'><strong>tamen,</strong></span> <span class='ocrx_word' id='word_1_178' title='bbox 306 3163 379 3220; x_wconf 91' lang='lat' dir='ltr'><strong>quae</strong></span> <span class='ocrx_word' id='word_1_179' title='bbox 402 3147 533 3206; x_wconf 90' lang='lat' dir='ltr'><strong>maiorem</strong></span> <span class='ocrx_word' id='word_1_180' title='bbox 545 3146 635 3206; x_wconf 88' lang='lat' dir='ltr'><strong>lucem</strong></span> <span class='ocrx_word' id='word_1_181' title='bbox 650 3137 852 3224; x_wconf 82' lang='lat' dir='ltr'><strong>utplurimum</strong></span> <span class='ocrx_word' id='word_1_182' title='bbox 876 3144 990 3202; x_wconf 86' lang='lat' dir='ltr'><strong>deberet</strong></span> <span class='ocrx_word' id='word_1_183' title='bbox 1013 3146 1190 3222; x_wconf 87' lang='lat' dir='ltr'><strong>promittere,</strong></span> <span class='ocrx_word' id='word_1_184' title='bbox 1218 3145 1262 3202; x_wconf 91' lang='lat' dir='ltr'><strong>in-</strong></span> 
     </span>
    </p>
   </div>
   <div class='ocr_carea' id='block_1_11' title="bbox 75 3245 1269 4349">
    <p class='ocr_par' dir='ltr' id='par_1_11' title="bbox 75 3245 1269 4349">
     <span class='ocr_line' id='line_1_24' title="bbox 86 3245 1263 3326; baseline -0.002 -21"><span class='ocrx_word' id='word_1_185' title='bbox 86 3291 95 3320; x_wconf 76' lang='lat'><strong>,</strong></span> <span class='ocrx_word' id='word_1_186' title='bbox 168 3247 279 3306; x_wconf 87' lang='lat' dir='ltr'><strong>venitur</strong></span> <span class='ocrx_word' id='word_1_187' title='bbox 297 3248 452 3309; x_wconf 86' lang='lat' dir='ltr'><strong>obscurum.</strong></span> <span class='ocrx_word' id='word_1_188' title='bbox 494 3250 530 3308; x_wconf 89' lang='lat' dir='ltr'><strong>de</strong></span> <span class='ocrx_word' id='word_1_189' title='bbox 550 3265 657 3326; x_wconf 88' lang='lat' dir='ltr'><strong>nupera</strong></span> <span class='ocrx_word' id='word_1_190' title='bbox 678 3265 800 3324; x_wconf 87' lang='lat' dir='ltr'><strong>namque</strong></span> <span class='ocrx_word' id='word_1_191' title='bbox 819 3247 909 3308; x_wconf 89' lang='lat' dir='ltr'><strong>solum</strong></span> <span class='ocrx_word' id='word_1_192' title='bbox 922 3245 1179 3306; x_wconf 81' lang='lat' dir='ltr'><strong>GraeciaCodinus</strong></span> <span class='ocrx_word' id='word_1_193' title='bbox 1193 3247 1263 3323; x_wconf 86' lang='lat' dir='ltr'><strong>agit,</strong></span> 
     </span>
     <span class='ocr_line' id='line_1_25' title="bbox 166 3348 1263 3427; baseline 0 -20"><span class='ocrx_word' id='word_1_194' title='bbox 166 3367 225 3407; x_wconf 89' lang='lat' dir='ltr'><strong>non</strong></span> <span class='ocrx_word' id='word_1_195' title='bbox 248 3349 362 3409; x_wconf 88' lang='lat' dir='ltr'><strong>vocibus</strong></span> <span class='ocrx_word' id='word_1_196' title='bbox 388 3357 499 3410; x_wconf 86' lang='lat' dir='ltr'><strong>tantum</strong></span> <span class='ocrx_word' id='word_1_197' title='bbox 524 3350 620 3427; x_wconf 87' lang='lat' dir='ltr'><strong>novis,</strong></span> <span class='ocrx_word' id='word_1_198' title='bbox 643 3349 712 3426; x_wconf 90' lang='lat' dir='ltr'><strong>sed,</strong></span> <span class='ocrx_word' id='word_1_199' title='bbox 745 3349 823 3424; x_wconf 91' lang='lat' dir='ltr'><strong>quod</strong></span> <span class='ocrx_word' id='word_1_200' title='bbox 838 3351 937 3408; x_wconf 86' lang='lat' dir='ltr'><strong>mirum</strong></span> <span class='ocrx_word' id='word_1_201' title='bbox 954 3356 1015 3427; x_wconf 87' lang='lat' dir='ltr'><strong>est,</strong></span> <span class='ocrx_word' id='word_1_202' title='bbox 1046 3350 1103 3409; x_wconf 90' lang='lat' dir='ltr'><strong>iam</strong></span> <span class='ocrx_word' id='word_1_203' title='bbox 1120 3348 1263 3410; x_wconf 86' lang='lat' dir='ltr'><strong>obsoletis.</strong></span> 
     </span>
     <span class='ocr_line' id='line_1_26' title="bbox 167 3450 1264 3532; baseline 0.003 -23"><span class='ocrx_word' id='word_1_204' title='bbox 167 3469 236 3510; x_wconf 88' lang='lat' dir='ltr'><strong>usus</strong></span> <span class='ocrx_word' id='word_1_205' title='bbox 256 3453 377 3532; x_wconf 89' lang='lat' dir='ltr'><strong>quippe,</strong></span> <span class='ocrx_word' id='word_1_206' title='bbox 406 3453 456 3530; x_wconf 89' lang='lat' dir='ltr'><strong>qui</strong></span> <span class='ocrx_word' id='word_1_207' title='bbox 477 3453 645 3524; x_wconf 85' lang='lat' dir='ltr'><strong>recentiores</strong></span> <span class='ocrx_word' id='word_1_208' title='bbox 660 3451 731 3510; x_wconf 89' lang='lat' dir='ltr'><strong>ritus</strong></span> <span class='ocrx_word' id='word_1_209' title='bbox 752 3469 843 3510; x_wconf 86' lang='lat' dir='ltr'><strong>mores</strong></span> <span class='ocrx_word' id='word_1_210' title='bbox 870 3450 962 3512; x_wconf 85' lang='lat' dir='ltr'><strong>officia</strong></span> <span class='ocrx_word' id='word_1_211' title='bbox 987 3456 1097 3530; x_wconf 86' lang='lat' dir='ltr'><strong>vestes,</strong></span> <span class='ocrx_word' id='word_1_212' title='bbox 1121 3453 1264 3527; x_wconf 86' lang='lat' dir='ltr'><strong>integrum</strong></span> 
     </span>
     <span class='ocr_line' id='line_1_27' title="bbox 169 3534 1264 3632; baseline -0.001 -20"><span class='ocrx_word' id='word_1_213' title='bbox 169 3553 291 3630; x_wconf 86' lang='lat' dir='ltr'><strong>denique</strong></span> <span class='ocrx_word' id='word_1_214' title='bbox 315 3534 449 3614; x_wconf 83' lang='lat' dir='ltr'><strong>Graeciae</strong></span> <span class='ocrx_word' id='word_1_215' title='bbox 463 3560 568 3614; x_wconf 89' lang='lat' dir='ltr'><strong>statum</strong></span> <span class='ocrx_word' id='word_1_216' title='bbox 585 3553 710 3631; x_wconf 74' lang='lat' dir='ltr'><strong>-invexit,</strong></span> <span class='ocrx_word' id='word_1_217' title='bbox 745 3552 870 3612; x_wconf 90' lang='lat' dir='ltr'><strong>Orientis</strong></span> <span class='ocrx_word' id='word_1_218' title='bbox 890 3573 987 3614; x_wconf 87' lang='lat' dir='ltr'><strong>everso</strong></span> <span class='ocrx_word' id='word_1_219' title='bbox 1002 3555 1118 3632; x_wconf 92' lang='lat' dir='ltr'><strong>imperio</strong></span> <span class='ocrx_word' id='word_1_220' title='bbox 1135 3552 1264 3612; x_wconf 78' lang='lat' dir='ltr'><strong>scodrus</strong></span> 
     </span>
     <span class='ocr_line' id='line_1_28' title="bbox 167 3636 1264 3735; baseline 0.001 -23"><span class='ocrx_word' id='word_1_221' title='bbox 167 3647 287 3730; x_wconf 80' lang='lat' dir='ltr'><strong>interiit3</strong></span> <span class='ocrx_word' id='word_1_222' title='bbox 327 3661 358 3714; x_wconf 91' lang='lat' dir='ltr'><strong>et</strong></span> <span class='ocrx_word' id='word_1_223' title='bbox 385 3655 438 3715; x_wconf 89' lang='lat' dir='ltr'><strong>sub</strong></span> <span class='ocrx_word' id='word_1_224' title='bbox 465 3656 552 3734; x_wconf 91' lang='lat' dir='ltr'><strong>ipsius</strong></span> <span class='ocrx_word' id='word_1_225' title='bbox 568 3655 665 3735; x_wconf 89' lang='lat' dir='ltr'><strong>Cpolis</strong></span> <span class='ocrx_word' id='word_1_226' title='bbox 694 3654 796 3734; x_wconf 85' lang='lat' dir='ltr'><strong>minis,</strong></span> <span class='ocrx_word' id='word_1_227' title='bbox 829 3673 902 3731; x_wconf 90' lang='lat' dir='ltr'><strong>quae</strong></span> <span class='ocrx_word' id='word_1_228' title='bbox 922 3636 989 3714; x_wconf 84' lang='lat' dir='ltr'><strong>ante</strong></span> <span class='ocrx_word' id='word_1_229' title='bbox 1003 3657 1138 3715; x_wconf 87' lang='lat' dir='ltr'><strong>ducentos</strong></span> <span class='ocrx_word' id='word_1_230' title='bbox 1152 3660 1264 3713; x_wconf 89' lang='lat' dir='ltr'><strong>tantum</strong></span> 
     </span>
     <span class='ocr_line' id='line_1_29' title="bbox 168 3753 1265 3836; baseline -0.002 -20"><span class='ocrx_word' id='word_1_231' title='bbox 168 3775 259 3816; x_wconf 88' lang='lat' dir='ltr'><strong>annos</strong></span> <span class='ocrx_word' id='word_1_232' title='bbox 282 3757 310 3815; x_wconf 93' lang='lat' dir='ltr'><strong>in</strong></span> <span class='ocrx_word' id='word_1_233' title='bbox 336 3777 370 3816; x_wconf 90' lang='lat' dir='ltr'><strong>ea</strong></span> <span class='ocrx_word' id='word_1_234' title='bbox 392 3753 525 3836; x_wconf 85' lang='lat' dir='ltr'><strong>vigebant</strong></span> <span class='ocrx_word' id='word_1_235' title='bbox 548 3757 779 3835; x_wconf 88' lang='lat' dir='ltr'><strong>consuetudines,</strong></span> <span class='ocrx_word' id='word_1_236' title='bbox 815 3758 882 3835; x_wconf 91' lang='lat' dir='ltr'><strong>quia</strong></span> <span class='ocrx_word' id='word_1_237' title='bbox 903 3759 990 3818; x_wconf 87' lang='lat' dir='ltr'><strong>ferme</strong></span> <span class='ocrx_word' id='word_1_238' title='bbox 1012 3776 1086 3817; x_wconf 93' lang='lat' dir='ltr'><strong>novo</strong></span> <span class='ocrx_word' id='word_1_239' title='bbox 1111 3762 1142 3814; x_wconf 91' lang='lat' dir='ltr'><strong>et</strong></span> <span class='ocrx_word' id='word_1_240' title='bbox 1164 3757 1265 3834; x_wconf 92' lang='lat' dir='ltr'><strong>ignoto</strong></span> 
     </span>
     <span class='ocr_line' id='line_1_30' title="bbox 169 3858 1266 3939; baseline 0 -23"><span class='ocrx_word' id='word_1_241' title='bbox 169 3858 304 3935; x_wconf 88' lang='lat' dir='ltr'><strong>loquendi</strong></span> <span class='ocrx_word' id='word_1_242' title='bbox 324 3878 427 3937; x_wconf 90' lang='lat' dir='ltr'><strong>genere</strong></span> <span class='ocrx_word' id='word_1_243' title='bbox 450 3879 613 3938; x_wconf 85' lang='lat' dir='ltr'><strong>expressae,</strong></span> <span class='ocrx_word' id='word_1_244' title='bbox 645 3861 737 3918; x_wconf 88' lang='lat' dir='ltr'><strong>iacent</strong></span> <span class='ocrx_word' id='word_1_245' title='bbox 757 3859 856 3918; x_wconf 89' lang='lat' dir='ltr'><strong>misere</strong></span> <span class='ocrx_word' id='word_1_246' title='bbox 878 3860 1064 3939; x_wconf 84' lang='lat' dir='ltr'><strong>consepultae.</strong></span> <span class='ocrx_word' id='word_1_247' title='bbox 1105 3877 1209 3938; x_wconf 90' lang='lat' dir='ltr'><strong>paucos</strong></span> <span class='ocrx_word' id='word_1_248' title='bbox 1231 3876 1266 3916; x_wconf 90' lang='lat' dir='ltr'><strong>ea</strong></span> 
     </span>
     <span class='ocr_line' id='line_1_31' title="bbox 169 3951 1265 4047; baseline -0.002 -28"><span class='ocrx_word' id='word_1_249' title='bbox 169 3961 207 4020; x_wconf 95' lang='lat' dir='ltr'><strong>de</strong></span> <span class='ocrx_word' id='word_1_250' title='bbox 228 3979 312 4020; x_wconf 88' lang='lat' dir='ltr'><strong>causa</strong></span> <span class='ocrx_word' id='word_1_251' title='bbox 326 3962 447 4041; x_wconf 90' lang='lat' dir='ltr'><strong>reperire</strong></span> <span class='ocrx_word' id='word_1_252' title='bbox 466 3969 510 4020; x_wconf 89' lang='lat' dir='ltr'><strong>est</strong></span> <span class='ocrx_word' id='word_1_253' title='bbox 527 3963 575 4038; x_wconf 90' lang='lat' dir='ltr'><strong>qui</strong></span> <span class='ocrx_word' id='word_1_254' title='bbox 586 3969 712 4047; x_wconf 62' lang='lat' dir='ltr'><strong>¹aspectu</strong></span> <span class='ocrx_word' id='word_1_255' title='bbox 732 3964 822 4042; x_wconf 88' lang='lat' dir='ltr'><strong>primo</strong></span> <span class='ocrx_word' id='word_1_256' title='bbox 842 3983 899 4023; x_wconf 91' lang='lat' dir='ltr'><strong>non</strong></span> <span class='ocrx_word' id='word_1_257' title='bbox 919 3951 1103 4039; x_wconf 74' lang='lat' dir='ltr'><strong>demirentur,</strong></span> <span class='ocrx_word' id='word_1_258' title='bbox 1138 3959 1265 4037; x_wconf 89' lang='lat' dir='ltr'><strong>quamvis</strong></span> 
     </span>
     <span class='ocr_line' id='line_1_32' title="bbox 169 4061 1267 4144; baseline -0.001 -23"><span class='ocrx_word' id='word_1_259' title='bbox 169 4063 225 4122; x_wconf 89' lang='lat' dir='ltr'><strong>rari</strong></span> <span class='ocrx_word' id='word_1_260' title='bbox 249 4064 307 4121; x_wconf 86' lang='lat' dir='ltr'><strong>sint</strong></span> <span class='ocrx_word' id='word_1_261' title='bbox 328 4065 376 4140; x_wconf 90' lang='lat' dir='ltr'><strong>qui</strong></span> <span class='ocrx_word' id='word_1_262' title='bbox 404 4065 519 4142; x_wconf 89' lang='lat' dir='ltr'><strong>propias</strong></span> <span class='ocrx_word' id='word_1_263' title='bbox 543 4065 721 4144; x_wconf 88' lang='lat' dir='ltr'><strong>inspicientes</strong></span> <span class='ocrx_word' id='word_1_264' title='bbox 743 4064 838 4124; x_wconf 88' lang='lat' dir='ltr'><strong>literas</strong></span> <span class='ocrx_word' id='word_1_265' title='bbox 858 4066 980 4125; x_wconf 87' lang='lat' dir='ltr'><strong>auctoris</strong></span> <span class='ocrx_word' id='word_1_266' title='bbox 1003 4063 1113 4124; x_wconf 88' lang='lat' dir='ltr'><strong>aceias</strong></span> <span class='ocrx_word' id='word_1_267' title='bbox 1127 4061 1267 4122; x_wconf 88' lang='lat' dir='ltr'><strong>scribendi</strong></span> 
     </span>
     <span class='ocr_line' id='line_1_33' title="bbox 171 4164 1267 4246; baseline 0 -25"><span class='ocrx_word' id='word_1_268' title='bbox 171 4164 357 4226; x_wconf 89' lang='lat' dir='ltr'><strong>characterem</strong></span> <span class='ocrx_word' id='word_1_269' title='bbox 376 4165 419 4224; x_wconf 91' lang='lat' dir='ltr'><strong>vel</strong></span> <span class='ocrx_word' id='word_1_270' title='bbox 440 4165 593 4226; x_wconf 81' lang='lat' dir='ltr'><strong>evolverint</strong></span> <span class='ocrx_word' id='word_1_271' title='bbox 615 4168 659 4227; x_wconf 92' lang='lat' dir='ltr'><strong>vel</strong></span> <span class='ocrx_word' id='word_1_272' title='bbox 682 4168 863 4246; x_wconf 89' lang='lat' dir='ltr'><strong>penetrarint.</strong></span> <span class='ocrx_word' id='word_1_273' title='bbox 905 4185 989 4243; x_wconf 88' lang='lat' dir='ltr'><strong>quam</strong></span> <span class='ocrx_word' id='word_1_274' title='bbox 1008 4165 1152 4224; x_wconf 82' lang='lat' dir='ltr'><strong>infeliciter</strong></span> <span class='ocrx_word' id='word_1_275' title='bbox 1169 4164 1267 4224; x_wconf 89' lang='lat' dir='ltr'><strong>Iunius</strong></span> 
     </span>
     <span class='ocr_line' id='line_1_34' title="bbox 75 4265 1269 4349; baseline -0.002 -23"><span class='ocrx_word' id='word_1_276' title='bbox 75 4305 78 4312; x_wconf 86' lang='lat'>·</span> <span class='ocrx_word' id='word_1_277' title='bbox 170 4268 200 4326; x_wconf 92' lang='lat' dir='ltr'><strong>in</strong></span> <span class='ocrx_word' id='word_1_278' title='bbox 221 4267 385 4329; x_wconf 88' lang='lat' dir='ltr'><strong>elucidanda</strong></span> <span class='ocrx_word' id='word_1_279' title='bbox 405 4269 567 4349; x_wconf 87' lang='lat' dir='ltr'><strong>verborum,</strong></span> <span class='ocrx_word' id='word_1_280' title='bbox 598 4271 699 4347; x_wconf 89' lang='lat' dir='ltr'><strong>quibus</strong></span> <span class='ocrx_word' id='word_1_281' title='bbox 721 4290 787 4330; x_wconf 80' lang='lat' dir='ltr'><strong>usus</strong></span> <span class='ocrx_word' id='word_1_282' title='bbox 809 4275 853 4329; x_wconf 91' lang='lat' dir='ltr'><strong>est</strong></span> <span class='ocrx_word' id='word_1_283' title='bbox 868 4270 1011 4346; x_wconf 88' lang='lat' dir='ltr'><strong>Codinus,</strong></span> <span class='ocrx_word' id='word_1_284' title='bbox 1035 4269 1204 4328; x_wconf 84' lang='lat' dir='ltr'><strong>obscuritate</strong></span> <span class='ocrx_word' id='word_1_285' title='bbox 1218 4265 1269 4324; x_wconf 89' lang='lat' dir='ltr'><strong>de·-</strong></span> 
     </span>
    </p>
   </div>
   <div class='ocr_carea' id='block_1_12' title="bbox 0 0 1410 4686">
    <p class='ocr_par' dir='ltr' id='par_1_12' title="bbox 0 0 1410 4686">
     <span class='ocr_line' id='line_1_35' title="bbox 0 0 1410 4686; baseline 0 0"><span class='ocrx_word' id='word_1_286' title='bbox 0 0 1410 4686; x_wconf 95' lang='lat' dir='ltr'><strong> </strong></span> 
     </span>
    </p>
   </div>
  </div>
 </body>
</html>
