2822 4684
134 294 211 368 240
292 291 501 364 GRETSERI
515 291 570 360 ET
585 291 719 360 uolut
732 287 1067 357 COMMENTARIUS

134 484 191 526 νον
203 457 346 540 zosimae
369 457 482 542 λωρίκη
508 453 650 542 λούρινον
671 457 827 541 λοορίνιον
850 457 888 516 sit
906 457 1048 538 ipsissima
1067 455 1250 519 Latinorum.

135 549 236 622 lones,
256 545 341 606 latius
356 551 451 606 tamen
465 546 578 604 nomina
596 545 666 602 haee
684 543 730 603 hic
747 549 936 622 usurpantur,
956 545 1087 602 nimirum
1106 545 1238 604 absolute

134 654 188 715 pro
204 633 330 693 thorace:
352 649 444 707 neque
463 632 537 690 enim
551 629 696 688 verisimile
720 635 781 707 est,
803 629 917 705 quando
936 647 1067 707 proceres
1083 631 1113 688 in
1130 632 1239 710 palatio

134 717 307 796 temporibus
324 717 402 793 pacis
426 716 579 794 gestabant
599 714 751 795 epilorica,
778 713 859 774 sirnul
881 715 966 774 etiem
984 721 1112 794 gestasse
1128 717 1238 777 loricas.

135 805 259 864 Taetzes
270 802 299 859 in
310 799 481 860 Hesiodum:
496 795 586 880 χιτών
597 799 649 862 καί
660 804 758 880 φᾶρος
770 797 831 865 ἐστὶ
844 793 879 862 sd
892 799 1096 882 διεσχιομὲνον
1107 797 1245 883 ἱμάτιον,

80 915 83 920 ’
136 885 322 965 ὃκαλοῦμεν
343 879 531 965 tolloneos.
552 885 601 944 ubi
617 885 695 944 vides
713 885 749 944 ab
768 885 822 944 hoc
840 891 954 945 auctore
973 887 1124 967 epitericasn
1145 890 1240 949 vocari

138 979 246 1036 vestem
257 971 419 1046 discissam3
441 971 531 1049 qualis
543 971 690 1030 Germanis
704 977 748 1030 est
762 975 804 1030 ein
816 971 910 1048 gotter.

128 1078 131 1088 ’
206 1105 233 1160 p.
248 1085 361 1142 dim.
397 1081 515 1154 leiprsos
531 1090 559 1138 et
575 1083 704 1151 λορίνιον
721 1085 803 1140 ίονίοα
823 1091 878 1148 est,
897 1085 1010 1156 pectoris
1025 1090 1052 1139 et
1069 1085 1139 1140 dorsi
1155 1103 1241 1142 arma-

137 1161 206 1212 tura.
241 1155 316 1209 Theo
335 1156 427 1210 honen
459 1151 561 1226 ἔλαβον
590 1152 764 1222 colloretum
786 1153 836 1210 καί
859 1151 911 1222 τὰς
935 1153 1052 1218 sucidae
1078 1151 1171 1210 arianis
1190 1153 1242 1211 καὶ

137 1224 232 1282 πάντα
251 1219 288 1278 τοί
307 1173 428 1293 deposcet·
461 1216 625 1292 luctuosior
640 1226 757 1281 militare
769 1241 865 1294 sagana
883 1231 932 1290 est,
949 1224 1119 1280 castrensibus
1134 1227 1244 1282 tesseris

138 1297 214 1352 iuxta
231 1303 327 1387 turmas
343 1293 458 1376 singulas
473 1293 698 1377 disseminatum&
711 1300 741 1346 ut
758 1294 851 1350 milites
866 1294 1042 1379 internosespt
1067 1295 1162 1380 duces,
1188 1297 1243 1349 Cn·

139 1363 1257 1502 :lt‘ti‘latereulitltlllgllltulllltntteliltttlliz

125 1499 191 1558 ’ὅτε
213 1500 308 1572 χρεία,
332 1492 530 1568 ίπενδοόμενα.
564 1517 627 1572 pers
649 1499 704 1554 eius
728 1501 846 1556 suterior
860 1519 876 1555 s
892 1501 1036 1573 posteriore
1051 1501 1143 1556 dissita
1158 1509 1201 1556 est
1217 1507 1247 1554 et

141 1574 238 1636 litem
262 1588 293 1624 ee
311 1577 450 1654 propterea
470 1566 656 1638 διεοχιομένον
678 1563 790 1638 ipsicius
811 1577 892 1624 vocet
913 1569 1027 1626 Taetses
1050 1571 1076 1624 in
1094 1569 1246 1626 Hesiodum.

143 1639 268 1696 describit
283 1639 391 1692 Nicetes
408 1638 434 1690 in
453 1638 571 1692 Manuele
585 1639 604 1694 l.
621 1642 639 1694 s
655 1640 753 1708 regium
778 1639 918 1692 huiusmodi
942 1657 1046 1710 sagum:
1069 1637 1248 1712 θεασάμενος

144 1705 178 1765 di
197 1711 239 1761 Γα
259 1708 311 1774 ρᾶς
327 1701 364 1778 ἣν
381 1700 436 1776 εἶχε
453 1702 576 1762 οτολοίδα
593 1701 610 1761 d
628 1703 757 1780 §sceleris
773 1704 826 1776 τὴν
842 1704 941 1780 χροιὰν
978 1703 1168 1781 ολοβοίφινον,
1193 1704 1247 1764 οὖν

146 1773 230 1847 ε’ίοίμ
251 1780 318 1830 ολον
331 1771 364 1829 τό
380 1775 476 1845 χρῶμα
494 1776 592 1845 τοῦτο,
615 1779 717 1846 φησίν,
741 1768 764 1832 si
808 1779 916 1846 αοιλεῦ,
939 1729 1010 1834 diret
1025 1777 1074 1832 ned
1092 1778 1156 1832 λίαν
1171 1773 1246 1832 κατὰ

147 1842 205 1971 peip
246 1843 505 1968 Wlfflffdm
529 1843 769 1968 οἱαῖςιᾶγαθαῖςθ
794 1865 857 1916 χαις
883 1843 1081 1970 {veteranos
1102 1841 1247 1970 ‘oessded'

147 1913 833 2060 κίοντίίίνλεὴνρηίίποίίίςβέῗίνίφκίίδῧιιῖἳριξνοὲᾄ
845 1933 1015 2059 ¹32⁵}ssssssss
1026 1913 1249 2054 τοίιὶνθίομίῗνίοῖῐ

148 2061 178 2110 et
194 2071 246 2108 non
261 2061 403 2107 esstsomm
419 2059 519 2108 numm
535 2057 563 2107 et
579 2054 700 2122 milities,
724 2072 813 2109 verum
836 2069 939 2125 quoque
961 2053 1032 2128 pacis
1049 2061 1076 2110 et
1092 2056 1180 2110 euriae
1200 2071 1251 2108 ve-

147 2123 295 2180 stimentum
312 2129 354 2176 est
370 2116 550 2192 ίοιλοίρικονς
567 2123 633 2176 unde
650 2130 679 2177 et
694 2125 812 2194 quodeun
831 2143 863 2178 ue
880 2125 1037 2189 huiusmodi,
1054 2123 1077 2178 si
1095 2125 1170 2178 ruodo
1183 2124 1251 2178 scis-

148 2210 206 2250 sum
223 2199 264 2246 est
282 2199 310 2244 et
324 2191 445 2261 divisum,
469 2193 522 2245 tels
538 2209 631 2246 nomen
652 2195 768 2248 sortitur.
829 2199 916 2247 zetses
939 2195 1049 2248 eiectus:
1077 2189 1169 2260 φάρος
1191 2187 1250 2248 ἐστὶ

147 2258 182 2318 sd
206 2256 391 2330 διεοχιορένον
416 2256 543 2330 ἱμάτιον,
568 2254 587 2315 d
611 2263 747 2332 λαλοῦμεν
770 2256 949 2332 ίνίιλοίρικον,
976 2261 1025 2317 καὶ
1049 2263 1108 2316 πᾶν
1124 2259 1158 2318 τὸ
1175 2257 1250 2316 οὕτω

148 2326 346 2400 διοσχιομένον.
379 2337 470 2384 suetos
485 2347 606 2402 quoque,
632 2349 691 2386 eum
712 2331 813 2402 placet,
837 2333 930 2386 usserit
946 2332 986 2385 lrio
1002 2331 1066 2401 geri.
1101 2347 1159 2386 eum
1175 2331 1252 2386 belli·

150 2417 207 2454 eum
225 2407 266 2457 est
282 2405 381 2452 tautum
398 2407 429 2452 et
443 2407 583 2454 castrorum
600 2402 747 2470 proprium,
771 2401 904 2472 κλίβανον
928 2407 973 2455 sut
995 2397 1139 2472 stridulos
1155 2401 1252 2456 dictum

150 2467 265 2539 reperies
282 2484 298 2520 s
317 2467 352 2520 ud
368 2467 482 2522 Leonem
497 2469 524 2522 in
540 2467 656 2524 Tecticis
673 2477 700 2524 et
721 2470 839 2528 Nicetem
862 2471 1100 2525 Grseeobarberum
1124 2472 1182 2524 loco
1206 2489 1252 2524 su-

150 2485 383 2608 pannardum:
403 2533 521 2591 laevet
538 2531 554 2592 ὃ
575 2538 689 2609 Γαβροῖς
703 2537 751 2593 καί
767 2535 799 2593 sd
817 2531 912 2593 ἐπάνω
929 2539 1080 2611 κλίβανον,
1103 2532 1121 2595 d
1138 2535 1154 2593 ὁ
1173 2539 1252 2612 βασι-

151 2599 326 2669 lerinensium
343 2605 400 2660 reis
417 2601 550 2693 deprime
567 2604 656 2662 eleos
677 2605 780 2678 ἐφόρει.
814 2615 841 2662 st
857 2609 891 2662 de
907 2609 1008 2662 clibano
1025 2607 1095 2666 olibi.
1128 2625 1175 2662 cur
1191 2626 1254 2674 ese,-

152 2681 235 2730 teruru
253 2683 344 2730 suem
362 2669 556 2746 ίοιλοορινον,
573 2677 618 2732 alii
635 2695 699 2732 uero
716 2671 880 2745 inrisiones
897 2679 1022 2744 scribant,
1048 2678 1193 2750 expositum
1209 2695 1254 2733 re-

151 2747 237 2817 peries
254 2744 394 2817 superioris
414 2746 505 2818 cepitis
521 2755 583 2802 nota
598 2743 632 2801 sd
652 2764 679 2818 p.
697 2749 731 2802 14
749 2765 775 2802 r.
793 2748 820 2804 9.

221 2850 258 2904 n.
281 2866 308 2902 r.
332 2849 360 2904 7.
380 2849 434 2902 sori
454 2846 575 2918 μεγάλου
596 2842 786 2919 ἕναιοιοίρχοο]
810 2851 878 2905 huuc
919 2865 1003 2922 uoqua
1025 2849 1128 2918 cingulo
1149 2848 1256 2904 militari

154 2917 278 2988 (pretioso
297 2915 385 3000 utique
400 2923 428 2972 et
444 2919 593 2988 conspicuo)
610 2920 729 2972 donatum
747 2922 864 2990 suggerit
907 2930 988 2976 rectas
999 2921 1028 2974 iu
1044 2920 1133 2974 Alexio
1144 2921 1256 2974 umus-

152 2987 187 3040 lis
203 2987 243 3040 u:
260 2983 308 3039 secl
323 3003 376 3053 νην
392 3003 442 3056 της
458 2978 648 3056 ἔταιραοχείας
667 2987 757 3058 ζώνην
773 2989 856 3060 ἔχειν.

223 3089 261 3142 tl.
277 3105 305 3143 v.
321 3088 349 3142 9.
366 3082 585 3158 zpvoondpuvos]
601 3087 673 3142 surei
689 3089 825 3162 gleucique
839 3090 932 3146 coloris
948 3089 1129 3147 intermixtum.

237 3179 276 3239 s'b.
289 3196 317 3237 r.
334 3181 382 3242 17.
409 3177 572 3256 φακεονλίς,
587 3184 617 3238 et
631 3180 705 3240 infra
725 3202 748 3240 e
771 3185 790 3246 6
813 3178 1001 3259 φακεοίλιον,
1017 3182 1147 3242 scribitur
1168 3179 1255 3240 etiam

154 3257 319 3340 φακεόλιον
338 3269 368 3322 et
388 3258 554 3338 φακιόλιον.
596 3265 693 3324 Iunius
720 3266 826 3344 ubique
852 3269 938 3328 vertit
958 3272 1066 3327 ίίονοοι.
1093 3269 1123 3326 in
1141 3265 1256 3326 scholiis

154 3356 250 3408 tamen
268 3367 365 3410 verum
375 3350 504 3427 attigisse
519 3350 645 3429 videtur,
667 3371 730 3412 cum
742 3354 783 3412 ait
795 3373 850 3413 esee
865 3359 970 3432 tegmen
983 3357 1080 3432 capitis
1103 3356 1257 3431 speciosum,

151 3441 178 3494 et
193 3437 272 3514 puori
284 3434 407 3513 insano
418 3435 573 3514 complicato
587 3438 682 3512 linteo,
705 3439 783 3518 pusii
793 3440 842 3498 lios
861 3445 973 3518 tempore
989 3438 1092 3498 Tuscae
1105 3441 1149 3497 uti
1160 3437 1254 3497 solent.

151 3517 338 3579 Leuuclavius
363 3521 393 3577 in
418 3519 615 3581 Onomastr'co:
644 3523 749 3582 tolient
769 3530 795 3582 ct
824 3525 930 3604 culpant
949 3530 975 3582 et
1000 3523 1133 3604 ίαίίῃοολ,
1158 3523 1257 3584 lineum

154 3609 251 3684 eapitis
263 3606 425 3664 involucrum
440 3605 598 3683 Tauricam,
621 3609 691 3687 quod
704 3610 802 3668 Graeci
816 3612 968 3670 recentiores
989 3605 1151 3686 pusidicon
1166 3608 1258 3667 disere

153 3691 239 3750 ueluti
253 3690 400 3768 fasciolum
423 3697 473 3750 cut
490 3692 622 3771 fasciam.
644 3697 771 3769 originem
792 3694 898 3753 uidetur
912 3694 1009 3753 'tndem
1028 3697 1062 3755 nb
1078 3693 1178 3752 Italica
1197 3709 1260 3750 uoce

148 3775 287 3855 socciolo,
304 3781 381 3836 caius
401 3781 432 3852 et,
441 3776 598 3838 diminutivo
614 3776 756 3855 sncidetto
779 3782 898 3849 utimar,·
920 3799 988 3858 quoe
1009 3786 1071 3840 sunt
1091 3798 1125 3838 es
1136 3775 1276 3860 fasciolo,

149 3861 240 3941 sacta.
261 3859 331 3919 haee
343 3859 397 3919 ille.
440 3859 537 3920 Iunius
548 3863 631 3922 etiam
649 3864 685 3922 ab
699 3863 804 3922 Italicis
815 3864 927 3943 sausoio
940 3871 970 3923 et
984 3863 1123 3942 sessoleto
1137 3861 1262 3922 deducit.

153 3947 251 4006 forsan
266 3947 319 4004 erit
334 3946 382 4023 qui
399 3953 511 4024 repetat
524 3949 659 4026 originem
674 3970 693 4008 a
707 3948 874 4008 Germanico
888 3949 1050 4028 fotsinette,
1071 3969 1124 4027 pro
1143 3946 1263 4007 sudario

153 4052 205 4091 seu
218 4031 382 4110 strophiolo.
404 4034 483 4108 quod
495 4041 590 4094 autem
609 4034 736 4094 Codiuus
759 4035 827 4094 dicit
843 4036 1007 4114 placeoliunr
1023 4056 1042 4096 a
1059 4033 1153 4092 Medis
1181 4050 1266 4092 aece-

74 4127 77 4132 “
155 4123 237 4196 ptum
250 4138 327 4195 csse,
341 4117 372 4176 id
386 4118 422 4176 de
440 4137 480 4196 re,
497 4120 603 4178 nonde
618 4121 729 4178 nomine
745 4120 863 4198 intelligi
880 4120 973 4180 debet
995 4140 1091 4202 porro,
1110 4123 1190 4178 utet
1206 4117 1266 4176 hoc

160 4201 251 4260 obiter
273 4209 420 4280 notemus,
442 4209 587 4282 gestamen
613 4204 682 4264 illud
708 4205 875 4284 Turcicum‚
895 4205 974 4283 quod
1001 4205 1136 4266 Gennani
1157 4208 1266 4261 vocant

160 4286 285 4366 turbant,
305 4289 475 4349 descendere
490 4291 600 4352 videtum
620 4308 655 4352 ex
675 4292 798 4371 tegmine
818 4291 866 4352 illo
882 4291 982 4372 capide
999 4291 1077 4368 quod
1096 4288 1197 4350 Graeci
1211 4308 1268 4368 ap-
