2798 4690
189 269 263 340 ceu
351 265 623 344 ccursnmnr
637 265 767 342 uuam
780 265 1110 361 contremuimus

185 427 318 499 αλλήλοις
330 429 523 500 συντυμμιλνσιν
562 423 694 498 τοῶςμέν
716 419 870 500 ἑπομένους
886 421 1024 496 muricem
1040 427 1097 482 τῶν
1111 427 1210 482 inor
1227 447 1292 483 ιτα-

187 495 328 570 ταβοὶντας
352 497 469 554 ἕπεσθαι
493 467 578 569 miti,
601 493 703 560 αὖτοὺς
724 495 757 552 δέ
779 497 962 580 συμμίξαντας
986 490 1140 564 έφίπττοος,
1158 494 1212 552 τῶν
1226 493 1295 566 μὲν

187 565 323 634 νεώτερον
339 562 468 635 κύψαντα
479 568 530 622 τοῦ
546 565 731 638 πρεσβυτέρου
743 567 872 638 βασιλέως
882 561 1112 635 περιπτύσσεσθαι
1122 562 1175 634 τὴν
1185 572 1292 638 χεῖρα,

186 632 236 691 τὸν
261 631 307 688 ἐπὶ
331 637 381 703 τῆς
402 637 525 702 κεφαλῆς
547 631 682 703 πρότερον
703 633 893 703 περιελόμενον
916 637 1011 701 πῖλον,
1036 630 1224 704 danninum
1243 632 1286 688 δὲ

181 699 296 758 ’ἐκεῖθεν
313 701 353 766 εἰς
369 699 400 758 τὰ
418 701 568 776 πρόσωπον
586 699 746 758 αὐτῶντῶν
761 700 868 770 πατέρα
885 699 1046 772 ἀντιφιλεῖν.
1082 705 1162 756 solam
1176 721 1289 758 menum

186 773 293 826 senioris
308 773 393 824 tucior
408 772 569 826 osculabatur
585 775 721 842 quondam:
747 773 856 826 mettius
879 771 943 826 enim
966 773 1074 826 Macedo
1096 773 1226 828 bliebaele
1243 773 1287 826 nd

188 843 280 896 lectum
297 842 407 894 deducto
422 837 474 909 τὴν
487 845 566 910 μοῖρα
582 841 701 911 φιλήσας
716 835 843 910 ἐξῆλθεν.

256 961 281 1014 p.
295 943 327 998 75
340 961 366 998 r.
378 944 403 998 3.
419 936 482 994 οὔτε
498 937 555 1010 μὴν
570 941 610 1002 εἰς
625 936 675 994 τὸν
690 936 847 1008 ἀσπασμόν]
865 939 899 994 ad
912 939 1025 992 Francos
1039 940 1200 1010 Venetosque
1211 943 1285 994 urbe

188 1014 234 1066 GP
252 1013 386 1066 eliciendos
403 1011 522 1066 michaeli
541 1011 692 1078 Palaeologc
716 1009 800 1078 copies
817 1009 950 1062 auxiliares
969 1009 1137 1078 prominerent
1153 1011 1283 1063 Genuen·

185 1099 240 1140 seu:
265 1082 324 1138 binc
349 1079 488 1136 connnunia
510 1080 581 1150 pacis
606 1079 805 1146 concordiaeque
828 1079 939 1130 foedera
977 1079 1066 1130 Veneti
1087 1096 1163 1140 vero,
1184 1085 1214 1130 nt
1230 1080 1281 1147 qui
1369 1085 1370 1110 l

185 1167 242 1204 cum
259 1149 363 1202 Francis
380 1149 582 1218 imperaverant,
599 1147 699 1205 taudem
717 1164 772 1198 curn
789 1147 895 1199 Graecis
906 1145 1066 1202 concordiam
1075 1155 1102 1199 et
1113 1148 1282 1216 opprobrium

185 1219 416 1286 subiecticncmque
432 1216 547 1269 redolens
563 1216 654 1268 foedus
679 1215 743 1267 inire
761 1215 975 1268 detrectaverunt.
992 1215 1052 1266 vide
1069 1217 1213 1283 Gregoram
1229 1233 1279 1268 en-

185 1287 273 1356 periue
295 1287 416 1353 celetem,
442 1301 488 1337 nec
503 1302 554 1338 non
571 1286 675 1338 Petrum
693 1283 854 1336 lastinianum
877 1285 1030 1336 Venetorum
1052 1290 1080 1336 et
1103 1284 1279 1338 (tennensium

184 1357 257 1408 verio
271 1355 356 1408 Marte
372 1354 440 1406 inter
457 1371 486 1406 se
502 1354 682 1408 decertantium
697 1353 766 1404 belle
786 1351 911 1424 bietoriae
929 1352 1042 1405 Venetae
1063 1352 1113 1408 lb
1129 1352 1278 1406 deucriben-v

187 1435 253 1489 tem,
266 1440 296 1477 ac
306 1422 406 1475 tandem
422 1422 503 1490 ipsum
519 1421 668 1478 Michaelem
684 1419 797 1473 victoriis
814 1421 921 1486 elatum,
938 1421 1005 1474 haud
1021 1430 1109 1478 tamen
1120 1421 1277 1474 insolescen-

187 1503 255 1558 tem,
275 1492 401 1560 Venetos,
425 1507 441 1544 e
463 1491 553 1562 quibus
571 1490 619 1546 ribi
634 1489 775 1550 cavendum
789 1491 908 1560 rebatur,
932 1489 965 1545 de
987 1491 1050 1561 pecc
1072 1491 1195 1546 firmanda
1212 1509 1277 1544 exc·

185 1567 294 1618 rentem.

253 1645 288 1697 ib.
306 1663 333 1698 r.
348 1644 388 1700 15.
405 1640 571 1714 κατοῶτζια]
587 1643 648 1715 pilei
664 1659 743 1712 genua
760 1648 820 1698 ωλι
835 1659 918 1714 penca
933 1644 1035 1700 saecule
1049 1645 1077 1698 in
1096 1644 1204 1712 Europa
1220 1644 1276 1696 uei-

184 1713 341 1768 tetissimnm.
377 1715 462 1768 Latini
480 1715 625 1782 caputiari,
643 1713 713 1765 Galli
732 1714 871 1782 chaperon,
888 1713 946 1766 Itali
962 1731 1074 1783 rapuero
1091 1713 1218 1765 dicebant.
1241 1714 1280 1766 de

184 1799 236 1851 quo
254 1782 420 1836 consulendus
437 1783 582 1852 Stephanus
599 1781 751 1835 Paschasius
777 1781 976 1850 disquisitionem
999 1782 1177 1837 Frauclcarnm
1200 1783 1218 1836 8
1240 1785 1281 1848 18,

185 1859 213 1908 et
229 1851 273 1908 45.
289 1852 416 1922 capitium
432 1859 509 1908 vocet
528 1853 621 1908 Paulus
638 1850 758 1904 Aemiliae
768 1850 795 1904 in
809 1851 904 1906 Ioanne
919 1853 1009 1922 primo.

267 1965 303 2025 ib.
324 1983 350 2024 v.
371 1968 420 2028 20.
441 1957 565 2045 rprriur}
583 1962 804 2024 Latiuobarbcre
823 1969 928 2042 treuga.
955 1965 1055 2025 dicitur
1072 1967 1156 2024 etiam
1175 1962 1275 2046 τρέβα.

265 2091 303 2149 ib.
326 2108 352 2148 v.
375 2093 423 2152 22.
446 2087 620 2168 μπαΐουλος]
652 2089 693 2151 lta
705 2087 865 2168 legendum..
902 2092 997 2168 inepte
1012 2089 1108 2152 Iunius
1121 2087 1275 2165 λυπᾶΐλος.

181 2173 254 2234 salso
274 2175 341 2238 citat
364 2175 519 2254 Greguram
541 2173 560 2239 l
582 2173 618 2249 4,
644 2176 724 2249 quasi
744 2177 820 2253 apud
843 2175 1043 2254 illumlegatur
1058 2177 1191 2256 inperitus,
1212 2197 1276 2236 cum

182 2260 306 2318 Graecus
328 2264 421 2318 tentus
443 2260 573 2320 distincte
592 2257 695 2320 habeat
716 2261 897 2338 protector,
918 2265 948 2323 et
975 2263 1112 2342 interpres
1133 2263 1275 2336 minicius,

180 2349 256 2407 recte
279 2343 383 2424 utique.
424 2343 529 2406 frustm
548 2349 592 2404 est
612 2343 751 2406 Meursius
772 2345 820 2420 qui
844 2345 957 2422 corrigit
978 2347 1166 2420 ἰλπαλουλος,
1193 2349 1275 2407 unica

179 2428 261 2486 litera
282 2429 473 2506 transposita,
503 2430 583 2504 quasi
605 2429 643 2487 sit
665 2449 752 2506 purus
777 2435 863 2506 putus
883 2430 1041 2494 idiotismus
1061 2431 1183 2492 Indicus.
1223 2434 1275 2494 sed

182 2533 244 2576 cum
259 2513 386 2576 Codinus
400 2513 534 2576 hactenus
547 2513 683 2572 Italorum
695 2513 825 2578 articulus
839 2517 948 2574 nonsit
969 2535 1053 2594 usus,
1079 2517 1210 2576 credibile
1230 2524 1274 2576 est

182 2617 246 2660 eum
260 2617 351 2673 neque
376 2599 421 2661 hic
437 2619 519 2664 usum
539 2599 642 2672 fruerer
661 2619 778 2674 cumque
795 2619 813 2658 a
832 2601 852 2680 β
870 2599 914 2658 vel
935 2623 958 2661 ιι
972 2601 1166 2681 incipientibus
1180 2622 1274 2662 recen*

182 2683 268 2744 tiores
283 2684 383 2748 Graeci
397 2683 505 2748 literam
519 2708 540 2763 μ
562 2703 734 2764 praeponere
754 2684 879 2762 soleant,
907 2691 941 2744 ut
955 2686 1073 2763 ipsemet
1088 2687 1228 2746 Meursius
1245 2690 1274 2746 in

76 2775 98 2828 P
115 2775 168 2832 245
186 2769 330 2830 Glossario.
352 2769 477 2847 pluribus
502 2769 634 2847 exemplis
662 2769 803 2846 ostendit,
833 2770 935 2830 rationi
956 2771 1039 2848 plene
1057 2791 1211 2833 consonum
1230 2780 1275 2832 est

181 2855 293 2913 credere
310 2853 450 2914 Codicum
467 2854 512 2916 hic
529 2855 672 2932 scripsisse
689 2854 870 2934 μτταΐουλος,
897 2875 974 2918 mure
990 2856 1106 2920 eborum
1123 2877 1159 2918 ex
1179 2877 1275 2918 recen-

181 2938 252 2998 tiore
271 2935 389 2998 Graecia
402 2939 576 3016 scriptorum.

264 3057 293 3114 p.
308 3040 348 3100 76
364 3057 389 3094 v.
403 3041 432 3102 7.
453 3037 492 3094 ccl
508 3036 636 3114 Francos]
658 3037 759 3098 Franci
772 3039 801 3096 in
815 3042 998 3101 recentiorum
1016 3042 1186 3104 Graecorum
1204 3047 1273 3104 ecri-

179 3121 237 3200 ptis
250 3140 308 3204 nop
320 3119 409 3178 sulum
425 3121 499 3180 Galli
516 3121 688 3198 intelligendi
705 3129 789 3196 sunt,
809 3125 901 3200 inquit
918 3127 1031 3204 Iunius,
1054 3131 1105 3187 sed
1121 3130 1185 3188 Itali
1202 3149 1273 3206 quo·
1294 3195 1296 3200 ,

181 3205 400 3352 ῗέἑιξὲῒῗῐίυαλέ,
422 3225 457 3266 eo
471 3207 550 3283 quod
563 3206 628 3266 olim
641 3207 749 3268 siciliae
764 3221 884 3286 regnum
896 3221 926 3270 et
940 3231 1006 3292 pare
1018 3211 1117 3280 Italiae
1132 3215 1274 3275 aFrancie

246 3391 281 3445 ib.
302 3373 329 3443 vl
344 3391 370 3444 8.
399 3382 490 3458 ἠρέμα
505 3383 693 3457 nullenburc]
717 3406 750 3442 ne
774 3396 864 3445 cantus
886 3392 983 3461 regiam
1000 3393 1172 3452 adorationem
1192 3397 1270 3452 inter.

178 3459 284 3526 turbet,
301 3459 344 3514 vel
360 3460 425 3512 baec
442 3458 568 3514 ecclesiae
584 3457 670 3514 officio
689 3458 804 3514 videatur
820 3460 963 3518 coniuncte.

245 3559 282 3610 tt.
298 3575 326 3616 v.
340 3560 379 3612 18.
405 3549 487 3622 σέτές
502 3578 532 3614 τε
548 3557 596 3614 καὶ
611 3555 714 3621 πάντες
730 3555 760 3613 oi
774 3555 917 3630 ἄρχοντες]
936 3564 1032 3618 celebri
1048 3567 1186 3636 pulmarum
1203 3571 1271 3624 testo

177 3625 244 3680 solet
262 3627 404 3710 patriarcha
420 3647 509 3681 cruces
526 3634 553 3682 et
573 3647 659 3682 cereos
676 3629 702 3682 in
720 3631 838 3698 populum
854 3631 1116 3704 distribuere,‘quasi
1131 3634 1271 3706 δεξιούμε-

178 3700 228 3756 νος
252 3689 317 3756 τούς
340 3713 372 3747 το
392 3695 566 3766 παγκράτιον
587 3697 637 3766 τῆς
662 3697 788 3766 νηστείας
808 3697 974 3767 νικήσαντας
997 3703 1093 3772 τιμίων
1113 3702 1162 3758 καὶ
1184 3703 1271 3774 ἁγίων

178 3764 305 3830 σταυρῶν
322 3757 471 3831 σἰγιῶσμασι
486 3763 535 3818 καὶ
555 3767 659 3835 κηρίων
678 3763 847 3836 φωτοβόλαν
869 3769 1021 3838 χαρίσμασι.
1041 3767 1107 3826 stul
1124 3768 1177 3841 polo
1194 3772 1271 3829 trites

178 3835 339 3901 σκιαμαχεῖν
355 3828 421 3915 τοὺς
435 3830 550 3915 πιστοὺς
566 3830 628 3888 κατ’
646 3829 768 3898 ἐκείνους
781 3833 847 3898 τοὺς
861 3835 1070 3908 νηττιόφρονας,
1086 3837 1143 3893 ἀλλ’
1163 3840 1199 3906 ὡς
1214 3840 1270 3914 ἤδη

177 3903 228 3968 τῆς
243 3902 418 3969 ὃικαιοσννης
433 3919 482 3955 τον
498 3899 578 3970 ἥλιον
595 3899 747 3975 βλέποντας
763 3900 814 3972 τὴν
831 3901 900 3958 νέαν
915 3903 990 3976 Σιῶν
1007 3903 1056 3960 dcci
1072 3906 1168 3964 πῶλον
1184 3915 1271 3980 φωτί-

179 3971 271 4036 ζοντα.
290 3970 356 4022 feria
372 3969 451 4022 tertia
467 3973 596 4040 sequenti,
616 3989 682 4040 quae
698 3975 753 4028 τῶν
770 3971 961 4043 κατηχήσεοιν,
978 3979 1165 4033 catechumenis
1175 3981 1272 4034 instru-

179 4038 249 4090 endis
267 4038 380 4108 diqntnr,
397 4039 492 4091 minuta
508 4044 569 4092 tura
581 4043 742 4093 concurrenti
759 4045 853 4110 populo
871 4044 915 4095 dat
931 4045 957 4096 in
973 4063 1060 4099 marrus
1076 4050 1146 4102 circa
1163 4066 1272 4104 aurorae

179 4114 295 4176 tempus,
312 4103 415 4174 ὁμιλῶν
431 4103 493 4160 οἷον
509 4102 559 4160 dcci
575 4108 683 4160 codron
705 4106 817 4177 αὐτοῖς,
840 4111 887 4164 καλ
902 4106 1104 4182 ὑποτιθέμενος
1122 4113 1160 4186 μὴ
1182 4137 1273 4188 παυρ-

179 4176 294 4239 γυρικῶς
310 4171 367 4230 ἀλλ’
385 4172 567 4244 ἀγωνιστικῶς
582 4177 637 4228 τῶν
653 4175 751 4246 ἐφεξῆς
775 4179 857 4246 τριῶν
883 4175 991 4250 ἡμερῶν
1012 4178 1045 4236 τὸ
1068 4183 1184 4239 στάδιον
1200 4181 1270 4240 ῶνα-

179 4238 326 4306 ὃιξασθαι.
351 4242 561 4316 μρηγορήσωμιν
583 4244 678 4300 τοίνυν
703 4247 752 4301 καλ
779 4241 892 4318 ἐφεξῆς,
923 4247 970 4304 καὶ
996 4255 1056 4314 τοῖς
1082 4250 1274 4323 ἀγρυπνοῦσιν
