2822 4684
187 281 276 360 208.
336 278 617 360 accusamur
633 283 765 360 eorm
779 283 1129 360 COMMENTARIUS.

170 449 303 536 >pum
322 453 486 535 muger
506 449 619 532 rudem
632 453 747 533 rotun
768 455 803 520 ut
824 447 947 516 mico
967 451 1130 534 rudens
1154 452 1292 538 percu

184 545 279 621 wei,
295 539 348 600 sed
361 539 391 600 id
401 557 461 601 aon
473 544 535 600 crat
549 537 742 598 amandum.

271 655 400 718 Observa
411 654 656 716 scordoabum
668 653 829 734 essequod
849 649 989 714 bieursius
1008 651 1125 716 scribit:
1145 656 1292 737 imperoto-

185 759 240 802 rem
257 741 380 802 metecus
399 748 425 801 ct
444 741 523 801 rebus
547 741 734 802 ecclsuasticis
751 740 902 820 praefuisse
924 740 1008 798 ceiuti
1033 758 1181 820 supremum
1201 747 1292 822 ceput.

185 825 279 887 nullus
293 827 445 906 imperator
455 826 628 886 orthodoxus
642 825 717 886 bunc
731 825 844 886 acuum
853 825 907 884 sibi
921 825 1079 902 arrogavit:
1100 823 1292 886 schismatico-

185 931 249 974 rum
262 917 293 973 et
300 897 506 972 baereticorum
525 910 583 972 boc
594 909 740 994 proprium
754 916 808 974 ese
830 910 980 972 orthodoxi
991 911 1173 989 imperatores
1186 919 1293 973 nonunt

185 1013 219 1058 se
241 1015 304 1058 esse
325 1015 392 1059 oves
410 997 561 1075 ccclesiae,
581 1015 640 1056 non
659 1002 806 1078 pastores,
825 995 973 1076 subditos,
995 1014 1054 1056 non
1071 996 1173 1074 capita
1193 995 1292 1058 defeu-

184 1101 265 1143 sorcs
280 1082 377 1142 itidem
397 1081 631 1144 calcassent:
652 1082 753 1161 capitis
774 1097 876 1142 nomen
898 1099 1008 1142 summo
1022 1079 1164 1160 pontifici,
1184 1081 1292 1142 Christi

185 1167 290 1229 vicario
304 1167 438 1244 Patrique
456 1167 610 1228 successori
627 1185 685 1228 non
699 1167 779 1228 iuviti
796 1167 966 1244 relinquunt.
988 1185 1025 1226 ne
1042 1166 1213 1226 calvinistae
1228 1169 1293 1244 qni-

187 1253 253 1314 dem
272 1252 400 1312 Puritani
414 1253 515 1333 capitis
531 1253 708 1316 ecclesiastici
720 1271 823 1313 nomen
843 1252 956 1330 regibus
974 1252 1058 1311 tribui
1070 1253 1173 1312 ferrrnt
1191 1259 1291 1314 notrum

186 1345 233 1400 est
243 1357 328 1415 quam
340 1339 412 1400 limis
421 1338 508 1399 oculis
519 1337 652 1398 Calvinus
666 1335 890 1416 regemAngliae
900 1337 937 1398 ob
950 1338 1025 1396 hunc
1038 1337 1151 1398 acuum
1162 1355 1291 1419 assump-

187 1429 249 1484 tum
264 1425 420 1502 aspexerit,
441 1425 514 1484 etin
527 1423 627 1502 Eelg'o
664 1441 729 1482 uam
751 1424 933 1484 ferventiores
957 1423 1128 1484 Calvinistae
1150 1423 1291 1486 obsistant

187 1527 225 1570 ne
238 1510 376 1570 foederati
389 1509 512 1570 Ordines
524 1528 577 1589 pro
592 1507 655 1590 capi
697 1507 828 1569 ecclesiae
841 1507 995 1569 efferantur
1008 1514 1039 1568 et
1050 1515 1248 1602 agnoscantur.

275 1624 405 1690 Observa
416 1627 500 1688 tertio
513 1624 616 1688 iaisum
632 1619 790 1704 essequod
807 1623 947 1686 Meursins
967 1625 1052 1705 dicit,
1071 1626 1219 1705 patricium
1240 1626 1292 1688 aii-

165 1708 516 1792 .quemrirreusir1ciouo
539 1712 645 1774 dietum
666 1712 791 1774 tenuisse
809 1712 897 1772 vicem
917 1712 1093 1792 imperatoris
1111 1713 1141 1772 in
1164 1712 1237 1792 boc,
1257 1717 1293 1772 ut

185 1796 229 1858 itu
241 1795 359 1875 loquar,
373 1797 698 1878 copitmuotuecdesiae
718 1797 770 1856 sed
795 1803 828 1860 ut
846 1797 978 1859 ficticium
997 1803 1042 1856 est
1060 1798 1148 1858 ulium
1168 1798 1291 1879 impera·
1394 1873 1395 1876 Ἴ

183 1883 277 1942 torem
298 1881 465 1943 catholicum
489 1901 543 1968 pro
562 1883 656 1964 capite
676 1881 808 1944 ccclesiae
826 1901 890 1942 sese
917 1883 1092 1962 venditasse,
1113 1883 1156 1943 ita
1174 1885 1290 1946 ticticius

184 1971 231 2026 est
242 1968 298 2028 iste
310 1969 445 2048 patricius
456 1967 575 2030 vicarius
589 1969 766 2050 imperatoris
782 1968 812 2028 in
823 1967 908 2028 rebus
920 1969 1119 2029 ecdesiasticia.
1149 1975 1180 2029 et
1194 1975 1289 2030 tamen

184 2049 241 2112 lroc
255 2053 341 2112 semel
351 2054 485 2114 effaduse
497 2072 556 2114 nou
568 2061 735 2134 contentus,
748 2053 779 2114 id
792 2073 818 2113 v.
831 2051 1042 2134 u‘rrruuirpeicos
1060 2053 1165 2114 recinit
1184 2054 1291 2115 saliret

183 2136 338 2217 imperator
349 2137 485 2200 Iudaeum
502 2145 643 2202 recentem
660 2159 678 2200 a
694 2139 835 2220 baptismo
849 2159 932 2199 suum
950 2140 981 2200 in
995 2139 1079 2200 rebus
1096 2137 1289 2201 ecclesiasticis

184 2222 318 2284 vicarium
338 2226 545 2302 consfituisset,
569 2226 678 2286 etiamsi
703 2245 756 2306 pro
778 2225 871 2306 capite
893 2223 1026 2286 ecelesiae
1046 2243 1080 2286 se
1105 2225 1289 2310 venditasset,

183 2309 285 2370 rudem
300 2308 392 2370 adhue
407 2311 511 2371 rituum
525 2311 748 2372 Christianorum
765 2316 796 2372 et
813 2311 1013 2372 ecclesiasticae
1025 2309 1139 2392 politiae
1151 2311 1288 2390 ignarum.

183 2391 299 2473 politica
316 2393 404 2472 igitur
424 2395 548 2476 dignitas
579 2402 656 2474 erat,
686 2415 746 2458 non
768 2395 972 2479 eulesimtica,
1003 2397 1239 2478 qocnrcdmodom
1257 2402 1289 2458 et

185 2479 351 2562 pauidam
368 2485 399 2542 et
412 2482 589 2564 praefectura
597 2479 719 2544 caniciei.
1071 2491 1078 2508 ⁴

270 2593 372 2676 Longe
389 2597 487 2660 aliast
503 2597 585 2660 aliter
598 2601 636 2659 de
650 2599 826 2681 praefectura
845 2595 958 2662 caniclei
977 2597 1154 2660 doctissimus
1168 2599 1213 2661 vir
1224 2597 1288 2663 Nic.

185 2675 373 2744 Alemanuusr
394 2703 461 2744 uam
476 2683 507 2744 in
531 2685 730 2746 commentario
746 2686 786 2746 ad
806 2680 952 2748 ἀνέκδοτα
969 2683 1116 2767 Procopii,
1136 2703 1209 2764 quae
1224 2687 1311 2767 ipsc,

185 2785 277 2847 nuper
290 2769 449 2850 evulgavit,
465 2771 496 2830 in
512 2769 582 2830 illud
602 2791 631 2854 p.
644 2775 688 2836 29
706 2789 733 2833 v.
752 2775 790 2836 22
813 2771 896 2831 colore
909 2771 1026 2830 imbutus
1043 2791 1094 2850 quo
1109 2773 1219 2833 emam
1233 2791 1288 2834 aros

186 2857 450 2934 estimpcratvn'bus,
469 2855 512 2919 ita
522 2855 627 2916 scribit
658 2856 806 2934 Gregorius
823 2855 963 2916 Secundus
978 2857 1017 2916 ud
1032 2856 1145 2918 Lurco
1161 2854 1288 2919 Isauram

185 2939 382 3014 imperatoreos
413 2937 527 3000 Literae
550 2947 617 3001 tuac
638 2945 669 3000 et
689 2959 747 3001 non
773 2939 880 3001 alienae
906 2940 1004 3020 sigiliis
1029 2941 1215 3021 imperatoriis
1235 2941 1288 3002 ob-

185 3020 315 3097 signatae
341 3023 490 3102 diligenter
512 3031 621 3103 essent,
637 3022 683 3087 'et
710 3031 856 3086 accuratae
881 3027 958 3086 iuius
988 3027 1206 3108 subscriptiones
1235 3045 1287 3107 per

185 3105 357 3167 cinnabarim
371 3110 487 3188 propria
497 3128 583 3170 mauu
597 3117 663 3189 tua,
684 3117 717 3170 ut
734 3129 796 3171 mos
810 3117 855 3174 est
873 3113 1087 3194 imperatoribus
1104 3111 1287 3192 subscribere.

185 3191 355 3256 dmabarim
374 3199 481 3255 cccooit
501 3197 532 3256 ob
554 3195 648 3258 coloris
670 3197 884 3260 similitudebcm:
902 3197 950 3258 scd
970 3201 1165 3279 imperatorium
1182 3215 1288 3260 encau-

184 3282 262 3338 stum
273 3297 432 3358 purpureum
455 3287 514 3344 erut
530 3301 566 3341 ec
588 3287 694 3344 murrea
713 3283 786 3342 sacri
813 3283 936 3362 affabre,
967 3301 1150 3362 quoscunque
1172 3290 1287 3344 nostrae

182 3366 405 3424 mausuetudinis
430 3367 461 3426 in
490 3385 658 3446 quacunque
682 3369 848 3448 paginarum
869 3369 1013 3450 scripserit
1035 3370 1204 3447 auctoritas,
1226 3386 1285 3428 non

131 3515 140 3524 g
181 3447 237 3510 alio
252 3449 331 3509 vultu
346 3452 458 3530 penitus
479 3460 529 3513 aut
550 3453 643 3516 colore
655 3454 710 3512 nisi
726 3473 867 3534 purpurea
888 3458 1084 3516 tantummodo
1104 3454 1286 3534 inscriptione

181 3531 354 3614 lustrentur,
373 3537 480 3598 seilicet
491 3545 525 3598 ut
537 3541 610 3600 cocti
622 3538 733 3600 marius
750 3547 780 3599 et
794 3541 853 3600 triti
867 3541 1003 3618 conchylii
1016 3543 1117 3602 ardore
1127 3543 1285 3619 signentur.

180 3617 362 3680 bancauteru
374 3625 446 3683 sacri
469 3626 595 3686 accurati
615 3626 819 3687 coniectiones
839 3625 910 3684 nulli
926 3627 965 3686 sit
982 3625 1088 3687 licitum
1105 3633 1156 3686 aut
1171 3643 1287 3686 conces·

180 3723 246 3774 sum
258 3703 369 3766 habere.
392 3709 413 3768 1.
429 3715 450 3775 6
463 3709 493 3769 G.
506 3711 539 3771 ds
551 3713 647 3772 diuers.
662 3715 782 3791 serapt.
796 3717 959 3772 mustum
975 3713 1052 3774 bodie
1065 3717 1094 3772 ia
1107 3711 1196 3774 Italic
1212 3711 1287 3772 dici-

181 3791 426 3870 suseucbiostrcr
445 3799 802 3858 encamtactmcsustaria
814 3797 953 3874 regma
964 3801 995 3858 ia
1010 3797 1032 3858 i.
1049 3801 1070 3862 9
1090 3797 1120 3862 C.
1141 3797 1174 3857 ds
1189 3797 1288 3874 Agris.

181 3874 288 3956 lapsos
305 3878 533 3960 iiiepurpureur,
558 3903 632 3961 poure
650 3883 695 3943 iic
712 3901 765 3943 nos
786 3889 963 3943 utrm
983 3883 1030 3944 ad
1048 3887 1287 3962 perpurcamtuar
1394 3892 1395 3910 ¹

183 3979 279 4022 coemo
293 3961 389 4040 boeot,
411 3969 567 4028 mutatur
579 3972 609 4028 ia
624 3971 827 4044 atramentario,
847 3971 906 4027 sra'
913 3967 1000 4030 dicae
1018 3969 1099 4030 oola
1115 3971 1195 4030 mira
1215 3985 1287 4047 par·

179 4053 395 4125 camaterioe
415 4052 486 4131 puori
509 4073 569 4114 cunr
590 4053 709 4116 maadi
725 4055 843 4134 form
861 4053 1030 4134 effuseque
1050 4073 1120 4134 proc
1141 4073 1170 4112 ss
1188 4051 1285 4130 feret,
1394 4047 1395 4095 i

183 4133 276 4209 mles
295 4140 544 4199 utrsaurtariorum
560 4139 667 4218 sorsms
690 4140 1006 4220 borb'cpusuacrparsus,
1026 4139 1060 4198 ob
1083 4138 1115 4200 id
1142 4137 1285 4198 emieulm
1394 4148 1395 4164 ¹

181 4223 222 4274 or
235 4219 405 4305 apaturos.
427 4224 616 4284 oronnae
635 4231 694 4285 coe
710 4230 759 4304 ,a
781 4225 892 4286 aeuo
916 4223 1045 4285 moa
1055 4229 1286 4304 aarum

181 4303 252 4363 uos
264 4307 442 4381 macru
484 4311 644 4375 mou
656 4309 1060 4374 massuetum
1079 4309 1209 4391 suade
1222 4313 1288 4372 Μ’
