2744 4690
452 305 753 374 INGODINICAP.
777 301 912 376 xvia·
983 333 989 351 ¹
1143 309 1217 380 353

129 469 260 526 Paeonum
276 483 311 522 ex
326 482 358 522 oo
374 465 551 536 imperatorem
566 467 748 524 irreverentius
763 467 860 536 egisse,
883 467 951 540 quod
973 467 1110 522 'theodoro
1133 469 1217 539 Styp-

129 539 217 608 piotae
231 535 336 590 caniciei
353 535 501 589 contulisset
517 536 644 604 olficiuru,
668 553 699 589 ac
716 555 746 590 eo
768 545 903 608 praesente
925 537 1090 591 iuramentum
1107 555 1155 606 pro
1168 541 1217 592 im·

130 605 203 676 peric
221 622 295 658 conse
315 603 396 658 nendo
412 604 444 657 de
460 621 529 658 moro
547 610 724 674 nuncupasset.
747 607 826 660 verba
850 607 905 659 eiua
928 610 1003 658 sunta
1027 599 1129 658 ούκούν
1144 601 1217 660 aecci

296 622 363 739 ἰραν
378 667 497 758 ύυταίαν
512 667 619 740 πληγὴν
636 668 754 742 εἰληφὼς
772 669 788 728 δ
806 673 943 743 δηλοθείς
961 671 1111 742 λογοδέτης
1121 669 1151 728 ἐκ
1166 677 1218 728 κού

130 743 172 812 τῷ
187 739 349 812 Στυπειύτη
373 741 432 795 dod

129 815 191 881 τοῖς
201 806 300 895 ,ὅρκοις
318 811 419 864 τούτου
433 759 451 864 ἰ

250 695 253 700 γ
270 666 279 690 F

130 672 249 741 καρδίας
265 690 294 726 ετ
452 759 499 795 ναι
520 742 631 824 δογεῖον
653 736 848 864 ίρρθρρδύένου
866 740 997 826 διάλιθον
1020 739 1151 827 γρβσεον,
1168 742 1217 828 καὶ

131 877 161 934 οἳ
177 898 229 948 την
243 879 294 933 τού
310 875 431 962 κράτους
445 815 1012 964 δτίοίδίύβιηίίιαίνέίτέδούύνἈλζξίῗύαίύίνίιῇῖ
1026 829 1218 948 δύνγοίιίρίεἰοονύ

131 943 263 1020 βασιλέως
279 949 393 1021 Μαρίᾳ,
417 941 438 1000 οἰ
455 947 495 1020 τῷ
511 947 680 1018 λογοδετιιιηύ
696 945 841 1018 δήπουθεν
855 945 977 1020 ύφφικίφ
994 965 1066 1016 ηοαν
1083 944 1213 1018 ἁρμόδια.

199 1076 226 1128 p.
236 1059 272 1114 86
279 1075 307 1112 r.
322 1059 361 1112 12.
380 1051 395 1110 ὁ
413 1055 503 1124 δεῖνα]
522 1055 609 1108 verbis
625 1055 681 1108 istis
695 1055 824 1110 cinnabari
841 1056 914 1127 pictis
926 1057 1042 1111 eiusdem
1054 1056 1148 1110 coloris
1164 1063 1217 1110 tres

133 1143 224 1180 cruces
241 1125 481 1197 praemittebantur,
502 1123 534 1176 de
551 1124 643 1193 quibus
660 1125 831 1196 Theophanes
852 1127 877 1178 in
897 1126 986 1179 isauro
1003 1125 1100 1180 Leone:
1125 1122 1218 1178 έπιλαὲ

131 1193 254 1264 θέμενος
269 1190 301 1248 τύ
321 1190 468 1262 ίδιόγειρον
478 1187 503 1246 -δ
520 1189 662 1278 ἐποίησεν,
672 1192 727 1246 καλ
739 1189 791 1274 ,²⁰⁸⁹
808 1188 928 1261 σταυρὸν
945 1189 978 1248 δυ
993 1189 1108 1263 ἔπηξεν,
1124 1193 1172 1247 καί
1189 1187 1221 1248 ci

132 1258 183 1318 σύν
201 1258 286 1334 αύπιβ.
305 1270 332 1315 et
346 1263 429 1314 intrat
450 1278 648 1330 καταπατηοας
663 1255 716 1329 τὴν
734 1263 836 1316 εαυτού
852 1262 1005 1330 συνείδησιν
1021 1263 1068 1316 καὶ
1079 1258 1219 1330 ἀθετήσας

131 1328 183 1386 cdo
193 1325 312 1398 σταυρὸν
323 1328 380 1391 καί,
389 1325 440 1400 τὴν
455 1325 612 1399 ἐπιγραφὴν
623 1325 660 1400 ἣν
675 1324 810 1398 ἐποίησεν,
828 1331 908 1383 idem=
925 1329 1004 1384 Λέων
1018 1327 1220 1397 παρεσκεύασεν

131 1397 233 1462 ἄλλους
248 1395 335 1468 πῆξαι
350 1394 486 1466 σταυροὺς
503 1395 576 1452 κατύ
592 1395 644 1470 τὴν
662 1393 809 1469 ἀλήθειαν.
825 1400 932 1452 iterumn
957 1394 1039 1461 αύτός
1056 1395 1220 1518 εύλαβὲθείς

129 1469 216 1539 πῆξαι
233 1462 354 1536 σταυρὸν
370 1463 419 1522 ord
434 1461 466 1522 τύ
484 1465 621 1536 πρότερον
634 1465 858 1537 καθυπογροίιμαι
869 1462 900 1521 έν
909 1467 950 1540 τῷ
960 1464 1111 1540 βασιλεύειν
1122 1486 1140 1519 α
1161 1464 1219 1521 τόν.

130 1545 159 1593 at
175 1555 225 1590 non
238 1537 314 1590 buius
330 1536 404 1590 modo
420 1535 572 1600 insternunt,
590 1537 635 1590 sed
652 1542 679 1588 et
696 1537 821 1600 cuiusvis,
838 1553 900 1589 crux
917 1537 1021 1606 appicta
1035 1537 1084 1588 fuit
1100 1536 1220 1589 indicium

131 1613 160 1660 et
176 1607 339 1660 confirmatio.
369 1605 424 1658 teo
447 1605 633 1659 Grammaticus
655 1605 681 1657 in
703 1606 828 1658 Michaele
851 1604 989 1675 Theophili
1011 1605 1047 1657 F:
1072 1600 1221 1674 γενομένης

132 1669 165 1728 δέ
182 1676 231 1742 τῆς
246 1669 434 1746 repositiones
450 1670 490 1736 εἰς
511 1669 548 1726 τοὶ
569 1671 772 1742 γαλκοπρύτεια
792 1673 844 1726 τού
866 1669 1072 1741 εύαγγελισμού,
1095 1674 1143 1728 καί
1169 1676 1220 1742 τῆς

135 1739 248 1796 εἰσόδου
272 1739 435 1811 γενομένης,
457 1739 505 1794 καί
534 1745 586 1794 τοῦ
609 1735 766 1809 εὐαγγελίου
789 1736 978 1808 τελεσθέντος,
1003 1737 1126 1808 ἀνῆλθεν
1150 1735 1168 1796 δ
1188 1755 1219 1795 τε

131 1807 304 1879 πατριάρχης
321 1808 426 1870 Φύτιος
440 1806 488 1862 καί
513 1805 528 1862 δ
555 1806 678 1879 βασιλεύς
699 1804 749 1862 σύν
765 1810 805 1880 τῷ
820 1808 940 1874 Καίσαρι
954 1806 1004 1875 καλ
1020 1809 1149 1880 Βασιλείηι
1165 1826 1220 1862 τια-

134 1875 331 1950 ρακοιμωμένῳ
347 1874 376 1930 έν
391 1880 451 1939 τοῖς
465 1873 680 1947 κατηγουμένοις
698 1877 850 1947 (porticibus
871 1877 1063 1946 circumquaque
1086 1877 1113 1930 in
1136 1878 1221 1930 accle-

125 1945 465 2020 *siam-prospectantibus),
489 1948 540 2000 τοῦ
561 1943 732 2015 πατριάρχου
753 1939 801 2000 int
821 1947 914 2014 χεῖρας
938 1941 1049 2014 έγοντος
1070 1941 1103 2000 τὸ
1127 1945 1219 2013 τίμιον

134 2017 211 2084 ςῶμα
227 2013 275 2069 καί
292 2011 361 2083 αἷμα
377 2015 429 2068 τού
445 2015 541 2083 κυρίου
557 2012 635 2099 ίρμοῖν
655 2010 747 2082 Ἰησού
769 2015 904 2082 Χριστοῦ·
927 2013 975 2068 καλ
999 2010 1139 2085 βάψαντες
1155 2009 1172 2067 ὅ
1188 2030 1219 2068 τε

135 2080 261 2156 βασιλεύς
276 2081 325 2137 καὶ
341 2078 356 2137 δ
375 2082 516 2146 Βασίλειος
530 2102 596 2146 τους
609 2082 715 2152 τιμίους
730 2079 896 2150 ὑπέγραψαν
910 2081 1062 2151 σταυρούς,
1079 2077 1152 2150 ύρκφ
1173 2081 1217 2152 βε-

136 2152 281 2224 βαιοῦντες
296 2147 346 2206 cdv
362 2152 491 2220 Καίσαρα
505 2147 619 2223 ἀφόβως
634 2150 807 2216 συνεξελθεῖν
818 2146 873 2218 μετ’
886 2147 978 2204 αύτῶν
993 2144 1024 2203 έν
1038 2151 1078 2224 τῷ
1092 2150 1217 2222 ταξιδίρι.

135 2223 180 2290 qui
197 2222 362 2274 iuramentum
378 2237 454 2274 cruce
472 2223 597 2274 firmatum
617 2221 744 2288 violabat,
769 2227 838 2273 tetra
854 2216 1050 2287 σταυροπύτου
1071 2219 1219 2273 inurebatur

136 2297 212 2354 ιιοίε,
236 2291 269 2343 de
292 2307 342 2358 que
365 2307 412 2344 nos
436 2292 558 2361 quaedam
582 2291 608 2342 in
632 2290 783 2344 cedrenum.
803 2289 828 2341 in
850 2285 1059 2358 recuperacione,
1080 2287 1219 2348 huiusmodi

134 2359 266 2411 foederum
288 2357 408 2411 videlicet
437 2367 465 2414 et
492 2358 632 2413 iusiurandi
659 2358 808 2428 interposita
833 2373 907 2410 cruce
932 2358 1083 2423 violatores,
1108 2358 1219 2410 divinum

134 2443 225 2494 numen
242 2431 428 2496 provocaturos
444 2429 611 2498 separabant
628 2427 742 2480 iniuriam
755 2426 839 2495 passi,
861 2443 917 2478 cum
932 2427 1024 2479 tabulis
1039 2441 1115 2479 cruce
1132 2427 1219 2478 firma-

134 2496 168 2549 tis
184 2495 326 2551 ιιοὶιιίίοοι
341 2512 430 2564 pacem
453 2496 671 2565 promittentibus,
694 2497 727 2548 de
749 2501 824 2548 conto
847 2494 991 2564 suspensis,
1013 2495 1039 2548 in
1063 2494 1218 2561 foedifragos

133 2565 213 2616 ducto
234 2564 349 2616 exercitu
372 2565 552 2633 procedebant.
594 2565 748 2616 Andronicus
772 2563 867 2626 iunior,
892 2564 1015 2633 scriptore
1041 2563 1218 2624 Cantacuzenc

133 2635 152 2686 2
168 2635 201 2697 3,
217 2631 297 2685 bocco
313 2633 440 2686 facturum
456 2633 554 2716 perfido
569 2633 716 2685 ‘Moesorum
733 2631 841 2700 principi
857 2631 976 2685 minaturr
994 2627 1044 2684 icio
1058 2627 1090 2682 di
1100 2626 1138 2701 μὴ
1149 2625 1222 2682 ἄπο·

135 2699 206 2772 διδῷ
226 2695 259 2753 τὸ
282 2698 420 2786 πόλισμα,
441 2720 493 2754 τον
514 2698 647 2768 σταυρόν,
668 2694 701 2754 δν
724 2696 859 2766 πρότερον
882 2696 1011 2767 πέπομφε
1033 2695 1102 2761 πρὸς
1125 2693 1220 2766 αύτύν,

135 2763 180 2822 ἐπὶ
196 2770 247 2836 τῆς
260 2771 379 2837 σημαίας
402 2768 519 2832 candele
537 2764 672 2822 ἐλεύσεται
693 2763 733 2822 ἐπ’
755 2762 850 2824 αύτόυ.
876 2773 902 2820 et
917 2769 998 2820 infra:
1022 2768 1072 2820 σού
1088 2761 1120 2819 δέ
1138 2761 1222 2819 οὐδὲν

134 2832 253 2898 ἐπιεικές
269 2833 508 2907 ἀποκρινομένου,
530 2839 566 2910 τῇ
586 2839 638 2891 τού
653 2839 775 2904 σταυρού
791 2832 907 2906 δυνάμει
922 2838 1053 2904 θαρρῶν,
1079 2829 1114 2888 δν
1137 2830 1222 2896 αύτδς

135 2900 270 2975 ἐγγυητὴν
286 2901 348 2975 έμολ
364 2903 502 2976 παρέσχον
519 2909 569 2961 τοῦ
584 2903 722 2975 μηδέποτε
739 2907 987 2973 παρασπονδῆσαι,
1010 2905 1159 2974 βαδιούμαι
1175 2897 1221 2955 ἐπὶ

136 2971 173 3026 σέ.
193 2975 241 3026 hoc
260 2971 326 3026 idem
344 2976 467 3029 Saraceni
484 2976 552 3046 prius
568 2983 673 3044 egerant
695 2974 833 3027 Iustiniano
860 2974 1023 3026 Rhiuotmeto
1049 2972 1123 3024 fidem
1139 2971 1221 3025 viola-

135 3047 186 3093 tam
203 3044 405 3112 exprobrantem·
416 3043 465 3097 καλ
480 3041 701 3114 μαρτυρούμενοι,
715 3040 764 3095 καί
785 3036 835 3096 τὸν
852 3037 923 3094 θεὸν
945 3035 1091 3111 ἐκδικητὴν
1114 3036 1222 3092 τούτων

135 3108 370 3178 προκαλούμενοι,
391 3108 441 3166 τὸν
463 3115 513 3182 τῆς
536 3110 646 3182 εἰρήνης
676 3108 816 3180 ἔγγραφον
843 3107 950 3181 γύρτην
978 3103 1025 3162 ἐπὶ
1050 3108 1221 3177 φλαμουλίου

135 3174 319 3298 ιᾶρεμύσαντες
338 3175 386 3232 καί
408 3177 577 3250 προοίγοντςς
597 3175 669 3234 κατέι
698 3183 753 3234 τῶν
772 3176 917 3248 Ῥωμαίων
940 3172 1080 3248 ὥρμησαν.
1106 3179 1143 3230 ita
1168 3177 1221 3230 Ge·
1269 3247 1277 3268 κ

168 3261 240 3300 enas.

219 3333 256 3394 ib.
275 3350 301 3392 v.
320 3333 367 3396 13.
402 3333 499 3418 οἰκείᾳ
518 3333 592 3413 γειρλ
613 3333 766 3414 προίταξα.
810 3331 889 3395 σύτο
915 3329 969 3412 μὲν
994 3329 1013 3393 d
1041 3325 1223 3410 στεφόμενος

98 3488 104 3495 ¹
136 3417 189 3492 (sic
201 3418 275 3476 enim
287 3415 373 3478 habet
387 3417 457 3478 alter
472 3421 559 3478 codex
571 3419 672 3477 Boicus
687 3425 717 3476 et
729 3415 945 3496 Lautherianus)
957 3418 1009 3492 τῆς
1026 3413 1133 3480 leonori
1146 3439 1223 3497 προ-

136 3501 256 3566 τοίσσοιν
270 3499 429 3584 ὁμολογίας
440 3499 560 3585 γράφει.
602 3503 713 3562 lamnas:
732 3507 842 3580 prop-riu
858 3520 937 3559 manu
947 3502 1094 3580 praeptnico'.
1130 3505 1223 3565 sicin-

136 3589 228 3647 rcrr'bit
241 3591 289 3666 qui
298 3593 435 3648 οοτοιιολαε
449 3593 506 3662 est,
522 3589 681 3668 praefiniam
698 3587 881 3664 confessionne
895 3604 979 3647 ruam.
1022 3585 1131 3662 inepte:
1154 3585 1223 3662 quid

136 3673 211 3732 enirn
223 3672 284 3731 vult
300 3673 353 3732 sibi
362 3673 416 3732 hcc
422 3675 565 3754 μτοιβιιίυι·
578 3679 603 3732 et
612 3671 791 3751 praefiniens?
831 3665 931 3730 vertes
945 3671 1008 3728 boec
1022 3675 1128 3748 proprio
1142 3661 1224 3729 manu

134 3757 309 3838 ρεοοιστίμεί,
337 3776 388 3817 seu
405 3751 558 3836 confessioni
568 3758 639 3837 fidei
656 3776 727 3816 nece
743 3758 876 3834 μτοιιιιίεέ.
896 3769 898 3778 ’
916 3749 1048 3813 οδλιιιαο
1067 3756 1180 3819 modum
1199 3747 1223 3812 λε’

137 3843 186 3924 qui
199 3848 347 3902 coronatus
361 3841 419 3922 (vel
432 3843 526 3924 potius
548 3841 799 3919 cenomanen,
818 3839 959 3918 propriam
974 3859 1055 3898 suam
1073 3837 1224 3898 confessic-

136 3947 201 3986 ncm
213 3928 431 4008 praescriptione
449 3933 479 3985 et
497 3927 708 4004 praenotatione
728 3925 847 3986 commis
866 3930 897 3983 et
921 3925 1065 4002 dignitatis
1078 3941 1146 3982 suae
1157 3923 1225 3980 insi·

137 4013 207 4089 gnit.
234 4012 303 4071 haec
315 4013 389 4071 enim
409 4013 648 4090 praescribebant:
670 4011 688 4075 o‘
702 4013 785 4074 δεῖνα
800 4009 832 4073 ἐν
847 4013 964 4095 Χριστῷ
977 4013 1018 4092 τῷ
1038 4011 1102 4092 θεῷ
1120 4003 1226 4081 πιστδς

138 4094 276 4176 βασιλεύς
288 4096 340 4158 καὶ
354 4093 543 4178 αύτοκρύτιορ
563 4099 658 4180 οἰκείᾳ
676 4094 750 4176 χειρί
759 4135 763 4142 ·
772 4093 926 4173 προέταξα.
969 4100 999 4152 et
1012 4093 1076 4152 huic
1089 4096 1226 4176 προταγῇ

138 4182 291 4260 respondet
304 4174 449 4267 ύποταγη,
458 4183 619 4261 ιυύεαίμλέο,
632 4185 733 4258 deque
742 4180 873 4258 Caropal.
886 4199 914 4256 p.
922 4180 962 4240 87
975 4178 1065 4239 v.17:
1081 4171 1142 4238 dit
1151 4196 1226 4256 προ-

0 4260 1 4349 ]
56 4349 58 4354 ,
138 4265 257 4328 πάσσον
276 4270 365 4330 τούτο
387 4261 460 4330 αύτδ
476 4262 567 4329 πάλιν
581 4266 631 4331 καί
646 4264 719 4348 perol
732 4263 788 4346 την
801 4269 855 4344 της
869 4264 994 4333 πίστεως
1008 4258 1127 4324 indecor
1145 4257 1225 4324 ύπο·

182 4351 585 4430 οιιιι.οιιιγαιι.ιιοαι;’
980 4343 1022 4406 23
