2744 4690
154 249 228 326 aas
312 251 591 358 coercantur
605 237 1088 323 manicouumirsnms

156 416 231 478 huna
251 416 434 493 tricesimum,
454 419 488 476 ut
507 417 588 496 patet
607 431 642 474 ex
663 411 773 494 'l'ypieo
791 413 822 472 S.
840 411 944 489 Sabae,
966 429 1002 474 ex
1015 411 1137 474 bieuaco
1151 413 1182 470 in
1197 410 1269 470 Au-

51 523 72 572 p
90 522 142 580 250
156 508 242 583 gusto
261 507 292 562 et
311 500 478 578 Septembri.
520 505 565 557 est
585 499 698 560 devotio
719 497 901 576 Germanica,
925 501 957 556 et
982 502 1076 558 exstat
1101 498 1133 558 in
1155 496 1267 576 pleris-

158 607 214 666 que
234 586 391 648 missalibus
412 589 443 644 et
462 582 622 660 breviariis,
653 584 683 644 in
702 583 894 660 Eystettensi‚
920 580 1139 660 Rutisponensi‚
1168 581 1266 642 Salis·

155 672 303 750 burgensi‚
323 670 511 748 Frangere,
529 668 674 743 Curiensi;
694 669 845 746 muldsque
864 665 949 747 locis,
970 687 1079 730 rimmo
1099 687 1184 727 mane
1207 687 1267 747 per

156 759 274 836 triginta
293 755 356 816 illos
377 757 436 815 dies
457 755 566 816 cauitru
585 753 706 816 officinm
725 755 763 814 de
781 753 809 814 b.
830 753 956 832 virgine,
985 753 1154 829 gaudeamus
1172 774 1263 813 omnes

157 851 214 920 etc,
240 841 381 920 frequenti
405 839 511 920 populo
537 845 707 900 accurrente.
748 839 844 902 ethic
865 837 1033 916 lngolstadii
1053 837 1179 916 quotidie
1206 857 1265 917 per

158 928 276 1006 triginta
303 927 363 986 dies
390 944 426 986 ex
450 925 675 1003 congregationis
703 921 886 986 Academioae
905 923 1071 984 fundatione
1092 922 1205 982 litaniae
1232 930 1265 982 et

159 1014 231 1074 aliae
250 1011 394 1072 motiones
415 1017 553 1072 canuntur
572 1011 603 1071 iu
623 1009 778 1089 templod.
794 1009 918 1096 vaginis,
937 1009 1068 1087 idemque
1085 1008 1118 1068 fu
1130 1009 1160 1066 in
1175 1007 1262 1068 Mau-

157 1099 264 1158 riciana
284 1097 423 1176 parochia.
465 1101 496 1157 et
517 1097 662 1174 quamvis,
683 1104 717 1156 ut
735 1093 823 1172 aliqui
839 1094 984 1172 obtiduit,
1005 1113 1024 1154 a
1044 1092 1159 1154 Graecis
1173 1095 1263 1153 etiam

159 1182 341 1244 schismaticis
361 1175 455 1241 omma
481 1181 615 1258 haberet,
644 1181 721 1257 quod
742 1187 838 1242 tamen
857 1199 938 1240 sams
958 1183 1020 1257 est,
1043 1197 1102 1239 nou
1121 1179 1187 1238 ideo
1207 1180 1263 1238 im-

160 1267 310 1350 probanda
326 1272 401 1328 esset
421 1266 490 1326 haec
512 1267 698 1325 consuetudo:
718 1285 785 1328 nam
797 1271 828 1326 et
848 1285 867 1326 a
886 1264 1068 1328 schismaticis
1088 1263 1193 1324 bonnm
1207 1263 1263 1322 ali-

162 1353 240 1430 quod
268 1352 427 1413 institutum
449 1351 586 1430 proficisci
613 1355 717 1429 potest
759 1356 894 1428 asterga
918 1370 937 1411 a
958 1350 1104 1408 Germanis
1121 1349 1168 1408 hic
1187 1369 1264 1426 mos,

157 1439 213 1514 qui
231 1437 369 1498 defunctis
390 1436 557 1496 tricesimum
577 1454 662 1514 agere
682 1434 793 1508 solent;
820 1440 852 1496 et
874 1434 974 1496 alicubi
992 1435 1017 1496 si
1037 1435 1100 1513 quis
1117 1435 1264 1493 honestior

161 1526 290 1584 mortum
311 1527 371 1599 est,
393 1539 452 1580 non
472 1527 584 1580 tantum
600 1527 752 1599 parentant
770 1520 810 1580 illi
826 1520 911 1580 tertio
930 1521 1050 1600 septimo
1070 1525 1101 1580 et
1120 1520 1263 1578 tricesimo

164 1608 227 1682 die,
251 1607 303 1666 sed
329 1605 456 1684 quotidie
482 1606 581 1666 babitu
601 1605 713 1683 lugubri
734 1605 772 1666 ad
791 1605 905 1666 mamm
923 1610 954 1664 et
973 1605 1012 1666 ad
1031 1623 1161 1683 vesperas
1183 1612 1265 1682 eunt,

164 1699 195 1752 et
216 1692 339 1752 offerunt
358 1692 397 1750 ad
416 1691 504 1752 altare
520 1693 633 1769 quidem
653 1690 815 1772 pecudem,
834 1691 872 1750 ad
892 1690 1089 1769 cenotaphium
1107 1710 1174 1751 vero
1199 1689 1271 1771 (auf

166 1777 215 1838 der
235 1775 316 1856 baur)
337 1776 447 1854 viuum,
474 1795 563 1856 panes
591 1782 644 1836 etc.
686 1776 819 1837 Gennani
838 1795 908 1854 ergo
927 1775 1099 1836 veneraticmi
1115 1776 1197 1836 divae
1208 1776 1267 1835 vir-

164 1861 239 1942 ginis
261 1861 442 1922 addictissimi
462 1863 547 1922 etiam
564 1881 614 1940 per
633 1867 678 1920 tot
693 1862 757 1920 -dies
778 1867 926 1940 parentare
946 1861 1094 1922 voluerunt
1114 1862 1196 1920 divae
1208 1861 1268 1919 vir-

164 1948 241 2026 gini,
262 1966 321 2006 non
339 1946 496 2025 lugubriter
510 1952 544 2004 ut
564 1953 707 2024 mortuae,
724 1947 776 2006 sed
795 1947 918 2008 hilariter
938 1951 972 2007 ut
994 1947 1024 2004 in
1043 1945 1135 2006 caelos
1156 1965 1267 2006 assum-

165 2038 248 2112 ptae:
269 2031 334 2091 hinc
352 2051 411 2094 aon
427 2031 579 2094 audiuntur
597 2032 725 2093 funebria
743 2033 866 2110 eandm,
886 2032 938 2092 sed
958 2032 1052 2092 omnia
1072 2033 1110 2096 ad
1129 2031 1268 2092 laetitiam

168 2119 337 2196 comparate.
1256 2141 1264 2154 ·

251 2203 329 2280 pae81
345 2219 371 2260 v.
385 2201 436 2265 21.
457 2197 634 2262 decollationi
654 2201 684 2261 S.
704 2200 817 2260 Ioannis
832 2201 973 2280 baptistae
992 2219 1071 2261 sacer
1091 2204 1136 2259 est
1150 2199 1210 2260 dies
1223 2203 1267 2262 29

167 2285 291 2364 aupaci
315 2291 375 2344 tam
398 2285 476 2364 apud
502 2284 626 2344 Graecos
653 2305 739 2364 qnam
764 2287 842 2364 apud
870 2285 998 2346 Latinos.
1038 2287 1068 2345 in
1088 2284 1143 2344 hoc
1162 2287 1268 2344 festmn

168 2373 260 2430 variae
287 2375 401 2430 entant
432 2368 603 2430 Graecorum
627 2377 739 2451 patrum
765 2371 903 2433 homiliae.
945 2391 1004 2430 nou
1028 2372 1172 2449 pandoces
1192 2371 1269 2430 forte

168 2457 262 2516 adhuc
280 2456 310 2514 in
329 2453 502 2514 bibliothecis
523 2475 587 2515 cum
606 2455 689 2514 tineis
704 2456 858 2533 blattisque
871 2455 975 2516 bellum
992 2463 1104 2534 gerunt.

254 2576 284 2635 p·
296 2559 337 2621 82
353 2574 380 2615 v.
398 2555 425 2617 1.
454 2558 578 2616 mundo
598 2558 645 2616 die
660 2555 723 2616 Iulii
745 2563 834 2634 agunt
855 2557 956 2618 Graeci
976 2555 1191 2618 anniversariam
1210 2573 1268 2613 me

168 2640 285 2700 moriam
315 2641 461 2720 depositae
487 2642 518 2700 in
545 2643 650 2721 templo
675 2641 872 2702 Blachernensi
895 2647 974 2703 uada
993 2644 1124 2722 deiparae
1154 2641 1270 2718 virginis

169 2726 223 2786 snb
250 2723 348 2786 Leone
374 2731 404 2784 et
430 2725 534 2786 Verina
559 2729 646 2806 impp.
687 2728 751 2787 ride
778 2727 928 2788 Menaeum
956 2728 1031 2787 dioto
1063 2728 1109 2786 die
1132 2725 1202 2786 Iulii.
1238 2730 1270 2784 at

170 2811 212 2874 31
245 2811 291 2869 die
316 2810 439 2888 Augusti
466 2817 556 2889 agunt
580 2813 664 2870 iidem
689 2812 791 2870 Graeci
811 2813 1025 2874 anniversariam
1045 2811 1205 2872 memoriam
1223 2811 1268 2869 de-

166 2898 272 2973 positae
296 2915 377 2954 sonae
403 2897 533 2974 deiparae
559 2898 674 2974 virginis
701 2897 731 2954 in
758 2897 864 2978 templo
895 2897 1163 2979 Chalcopmtiorum
1204 2896 1269 2954 vide

170 2977 319 3038 Menaerun
344 2979 419 3036 dioto
441 2981 488 3038 die
506 2979 630 3056 Augusti
650 2986 680 3038 et
697 2981 847 3061 iheephor.
871 2983 911 3048 14
929 2983 978 3047 49.
1020 2984 1071 3044 sed
1093 2982 1130 3041 de
1151 2999 1206 3056 quo
1225 2981 1268 3037 fe·

170 3067 217 3120 sto
239 3062 428 3142 accipiendum
449 3065 526 3138 quod
547 3066 673 3124 Codinus
693 3065 814 3127 scribit?
836 3067 947 3127 videtur
962 3069 1002 3126 de
1017 3069 1120 3146 priore,
1141 3065 1269 3142 quando-

171 3146 286 3222 quidem
311 3147 491 3228 depositionem
518 3150 682 3209 ucaeroadoc
708 3153 788 3210 ream
819 3154 959 3226 nominata
987 3158 1017 3211 et
1045 3147 1196 3234 imperator
1228 3151 1268 3208 ad

169 3229 341 3293 Blachernas
360 3232 415 3293 hoc
434 3233 508 3292 festo
528 3233 604 3313 ibat,
626 3235 673 3294 ubi
693 3241 773 3296 acab
788 3235 835 3296 illa
855 3239 988 3318 reposita.
1031 3256 1080 3296 cur
1100 3257 1166 3314 ergo
1181 3235 1270 3294 Codi-

170 3333 224 3374 nus
245 3317 275 3376 id
294 3337 352 3378 non
372 3320 581 3381 raauutsuo
599 3320 947 3398 loco‚hooeatin1ulio‘l
988 3341 1100 3382 musam
1126 3323 1201 3380 dicat
1221 3320 1268 3395 qui

173 3407 271 3461 notam
296 3403 397 3464 habet:
426 3423 480 3483 ego
505 3407 572 3468 mihi
598 3407 725 3483 ignotam
752 3408 851 3468 fateor.
893 3409 946 3468 nisi
967 3409 1040 3467 forte
1059 3407 1207 3484 legendum
1224 3405 1270 3466 bic

172 3489 228 3562 τῆς
247 3490 346 3565 τιμίας
362 3484 469 3568 ζώνης.
511 3493 563 3550 sed
575 3496 645 3552 tnnc
657 3492 754 3552 obstat
766 3494 902 3574 templum
917 3493 1121 3570 Blacheruinm,
1142 3493 1179 3550 ad
1193 3491 1269 3566 quod

173 3570 227 3630 hoc
248 3572 295 3630 die
313 3574 465 3652 imperator
483 3595 546 3636 cum
565 3579 624 3635 suis
645 3577 776 3657 palatinis
791 3579 897 3638 itabat:
928 3584 960 3640 at
979 3599 1049 3641 sonu
1069 3578 1200 3656 deiparae
1223 3593 1267 3634 as-

173 3656 338 3718 servabatur
356 3659 502 3740 intemplo
514 3663 544 3722 in
557 3662 766 3746 chacoprateis
782 3665 913 3744 condito,
934 3671 968 3728 ut
981 3669 1103 3727 testatur
1115 3661 1267 3722 Ilieoaeuur.

240 3771 304 3826 ibid.
342 3772 448 3827 miratur
476 3792 525 3828 neo
548 3774 672 3832 immerito
703 3779 855 3848 Gratianus,
884 3795 942 3848 cnr,
979 3796 1035 3834 cnm
1073 3775 1193 3832 memoria
1223 3775 1268 3827 ‹lo-

172 3837 273 3922 positae
287 3841 313 3894 in
332 3843 426 3913 templo
439 3843 619 3901 Blacherneusi
630 3851 711 3902 restis
722 3847 763 3900 dei
783 3863 843 3901 orae
859 3848 963 3917 virginis
974 3849 1021 3902 aab
1033 3847 1122 3901 Leone
1137 3855 1166 3900 et
1177 3845 1269 3898 verina

173 3925 252 3994 impp.
269 3913 287 3966 2
302 3911 362 3964 Iulli
378 3913 535 3973 celebretur.
551 3916 661 3984 Augusti
676 3933 739 3970 vero
788 3919 860 3972 031
884 3918 980 3972 Graeci
1002 3916 1202 3972 anniversariam
1224 3913 1270 3966 dc-
1352 3923 1355 3930 “

174 3986 276 4046 positae
292 3997 373 4034 nonae
389 3981 501 4038 eiusdem
519 3983 639 4053 deiparae
654 3985 682 4038 in
703 3985 796 4055 templa
814 3986 1050 4058 Chalcopratiorum
1067 3991 1207 4056 paragant,
1224 3971 1271 4038 1⁰¹⁴:

175 4054 282 4128 perator
299 4051 430 4106 celebrata
446 4053 546 4106 loannis
565 4053 692 4122 prodromi
717 4054 883 4110 decollatione
906 4057 938 4109 ed
954 4055 1118 4111 blachernas
1142 4053 1272 4108 adoratum

105 4165 107 4171 ,
175 4128 213 4165 rra
236 4117 379 4184 scribatur,
404 4121 472 4172 festo
491 4121 626 4189 'depositae
650 4121 732 4176 vestis
756 4124 825 4194 quod
851 4125 910 4179 lulii
930 4127 949 4180 2
970 4123 1106 4208 praeteriit
1122 4119 1274 4192 peragendo.

175 4183 219 4237 vel
234 4185 257 4237 si
272 4186 342 4239 aliud
360 4193 429 4240 retro
446 4189 537 4240 dictam
555 4188 747 4245 decollationem
762 4201 924 4262 occurreret,
946 4194 1014 4246 aliud
1037 4211 1054 4246 a
1078 4191 1195 4260 deposita
1213 4205 1276 4240 zona

175 4247 201 4303 la
219 4250 408 4324 chalcopratia
425 4256 532 4310 colenda
549 4273 674 4330 nusquam
687 4261 769 4317 ardna
786 4263 894 4317 deberet
908 4263 1048 4318 obversari.
1067 4275 1175 4314 marom
1197 4260 1276 4322 dicct,
