2744 4690
192 291 266 368 aas
337 287 558 386 ‘anunsam
572 287 627 356 ar
641 259 772 358 colar
785 229 1158 354 constantissimos¹

162 457 163 462 ’
191 456 310 524 sineno
323 451 445 542 ρρᾶφιι,
461 452 561 540 ’ἤγουν
580 449 616 519 ἰδ
633 451 652 518 δ
665 455 749 518 brion
763 449 796 516 ἓν
810 453 928 534 Χρισιῶ
939 452 985 538 spi
998 450 1063 536 θεῷ
1074 445 1180 524 assessis
1194 448 1301 532 βασι·

191 543 261 620 trba
273 542 324 606 ool
340 534 531 625 ου’τοκρᾶτωρ
541 540 706 620 Ῥωμαίων,
727 533 750 618 ἢ
763 515 1078 620 βασιλεδςδῬωμοιίων,
1095 535 1193 618 otnaips
1207 534 1301 616 χειρὶ

190 622 352 703 δοιοιοῖξοις.
391 647 460 706 ergo
480 632 511 687 et
533 619 710 708 ssposoloossv
734 629 765 682 et
783 619 963 685 διιοιιὶσοιιν
989 625 1034 679 est
1055 622 1230 698 μτοωιηῖιοοι
1259 627 1296 678 et

190 714 360 782 subantem
376 711 406 773 in
419 730 538 792 quornm
553 710 668 772 notione
681 707 853 791 pervidenda
869 713 899 768 et
911 704 1074 787 explicanda
1084 704 1168 786 plane
1181 724 1295 764 scema

190 800 255 860 tivit
266 797 371 858 Iunius.

274 937 302 996 p·
316 914 357 982 86
375 933 402 976 v.
427 908 474 978 14.
495 903 536 976 δι’
549 905 583 975 ii
596 907 665 986 οἷδς
684 901 766 974 aisa
785 897 826 994 ᾖ,
846 905 876 972 el
888 904 942 988 pio
965 905 1123 972 bolbona
1136 905 1156 970 ai
1169 902 1288 989 πατήρ,

189 993 300 1088 γράφει
321 997 374 1062 sol
395 990 500 1073 αὐτός,
528 991 702 1076 sarissas
724 971 829 1068 οδιως.
868 994 969 1053 omitto
992 992 1038 1051 lic
1057 993 1142 1052 etiam
1159 991 1287 1051 verbum

189 1080 366 1166 ssposrloooso
385 1081 458 1142 male
474 1082 622 1142 redditum.
657 1080 749 1160 priora
769 1081 810 1138 sic
831 1080 915 1138 vertit
938 1076 1052 1136 Iunius:
1077 1077 1176 1156 piabo·
1196 1077 1284 1155 fils'sts

190 1177 229 1230 est
242 1172 310 1248 ipsi,
330 1168 457 1248 sptbs
471 1169 595 1228 attribuit
605 1172 690 1246 pater.
730 1183 885 1244 perperam.
924 1162 1074 1240 legendum
1083 1179 1121 1221 ex
1133 1162 1198 1221 οοδ.
1208 1159 1282 1220 aas.

190 1262 220 1315 et
238 1251 340 1314 Lauth.
360 1252 535 1317 tottionis:
554 1255 668 1332 sipoter
683 1251 820 1325 ωοοοδοῐ,
841 1252 867 1308 ιι·
874 1253 1022 1328 permittat.

258 1368 294 1422 ib.
309 1381 337 1419 s.
349 1365 392 1421 15.
411 1362 574 1432 ansam
594 1364 641 1418 15=
658 1355 792 1432 labosar
808 1355 835 1416 δ’
855 1354 936 1432 aisn
951 1355 1134 1444 (Ἅνδρονζιιμ)
1150 1349 1169 1412 ὁ
1184 1351 1284 1441 ungria

191 1431 240 1491 stol
256 1431 291 1488 δι’
309 1428 437 1503 ἐρνδροῑο
452 1429 508 1485 sisso
526 1427 626 1501 abaco
639 1428 807 1502 ρροιμμοὶιων
826 1427 933 1496 sparsa
949 1445 1037 1514 μοιοι,
1053 1445 1088 1482 ca
1098 1443 1191 1495 pessos
1201 1445 1283 1497 μηνιι

192 1499 239 1558 sal
257 1503 395 1571 lobtssos,
414 1495 485 1556 assa
499 1451 671 1570 ’δνδρόνιιιος
686 1501 806 1571 Χριστοῦ
822 1492 912 1571 gissa
927 1449 1228 1570 δασιλεοςῬωμωὶωνζ

275 1628 304 1687 p.
320 1611 361 1670 87
370 1625 397 1664 v.
410 1609 439 1669 9.
469 1605 565 1664 lunius
583 1606 683 1664 inscite
699 1609 825 1686 promitto
845 1625 884 1665 sss
904 1607 1082 1664 abstenturum
1105 1603 1140 1662 ab
1161 1602 1282 1666 baiba.

190 1691 247 1748 imo
266 1711 285 1748 ιι
305 1691 445 1765 coabbas,
465 1691 531 1766 quia
544 1691 692 1768 legendum
706 1685 829 1768 φόνων,
850 1707 907 1750 nen
921 1681 1060 1766 φθόνων.
1102 1687 1191 1763 qualis
1212 1707 1282 1766 pro·

189 1775 285 1834 nesio
300 1775 335 1832 ab
349 1776 532 1852 imperatore,
551 1777 576 1833 si
590 1776 776 1853 promittatse
788 1774 858 1835 velle
870 1771 1009 1832 abstinere
1021 1772 1057 1832 ab
1074 1772 1194 1850 invidia,
1215 1792 1280 1832 cum

188 1859 236 1918 vix
256 1859 358 1919 lrabeat
378 1860 422 1916 cui
440 1861 500 1938 ipse
519 1860 661 1938 invident,
680 1861 740 1940 ipae
751 1860 889 1918 communi
903 1860 1025 1918 omnium
1036 1857 1157 1915 invidiae
1165 1859 1282 1934 exposi-

189 1942 260 2001 tusi
299 1963 351 2002 nec
372 1950 446 2002 recte
464 1945 549 2002 vertit
568 1936 832 2026 οἷιιρωτηριοισμοῦς
851 1945 1059 2003 concussionem
1087 1941 1280 2000 mutilationes

188 2027 329 2105 debebas,
348 2027 418 2087 Iuni.
460 2030 525 2104 qnia
543 2030 617 2087 enim
635 2029 737 2088 Graeci
750 2030 934 2108 imperatores
959 2029 996 2087 ad
1010 2027 1110 2085 caedes
1124 2031 1153 2084 et
1164 2026 1280 2086 mutila·

188 2113 279 2172 tiones
294 2112 375 2172 valde
388 2114 511 2192 prompti
523 2120 612 2190 ment,
632 2119 666 2172 ut
682 2132 717 2172 er
726 2119 787 2172 tota
800 2114 915 2172 historia
928 2113 1086 2190 Byzantina
1099 2111 1197 2188 liquet,
1217 2111 1280 2171 iure

186 2198 225 2256 ab
237 2197 307 2272 ibis,
326 2216 397 2274 quos
417 2216 520 2256 corona
537 2198 733 2276 exspectabat,
753 2199 914 2277 erigebatur
931 2204 968 2257 -ut
990 2197 1042 2258 hac
1061 2196 1092 2256 in
1112 2214 1144 2254 re
1161 2196 1278 2256 medum

188 2287 317 2340 tenerent
334 2286 365 2340 et
379 2281 448 2340 nibil
466 2287 577 2360 praeter
593 2284 637 2343 ias
654 2289 777 2360 agerent

271 2399 308 2456 ab.
324 2416 350 2457 v.
373 2399 422 2461 16.
446 2397 489 2472 εἰς
510 2393 565 2472 τοὶς
582 2394 681 2477 τόσος]
712 2401 779 2478 quid
796 2399 851 2459 lsoc
862 2397 914 2458 sibi
930 2395 1014 2476 velit,
1041 2397 1134 2458 fateor
1152 2416 1198 2458 me
1217 2415 1277 2458 nen

187 2483 314 2557 asseqni;
337 2501 401 2542 nam
422 2484 499 2560 qnod
515 2482 611 2543 lunius
627 2486 727 2564 vertit,
747 2486 784 2546 οδ
798 2491 887 2545 motas
902 2484 951 2563 N,
978 2486 1009 2543 id
1029 2484 1096 2552 mihi
1116 2503 1174 2544 non
1192 2485 1277 2543 setis-

186 2567 262 2626 facit

256 2665 320 2718 ibid.
355 2662 416 2736 quid
433 2664 482 2718 boc
497 2663 546 2718 sibi
562 2665 639 2732 velit,
655 2665 739 2720 fateor
755 2682 796 2720 me
811 2683 860 2718 non
875 2664 990 2735 assequi,
1011 2664 1102 2724 scribit
1127 2665 1276 2726 armeus

186 2733 225 2786 nil
243 2733 345 2790 mirum:
362 2741 495 2804 corruptus
507 2734 573 2786 enirn
589 2740 620 2788 et
640 2733 753 2804 vulgaris
769 2739 809 2804 est
831 2731 948 2804 loquendi
969 2733 1073 2806 modus,
1102 2754 1152 2808 qao
1170 2743 1274 2808 quoto·

185 2805 279 2856 mensis
295 2803 361 2856 ‹liern
378 2807 501 2856 annotant
522 2804 627 2856 Graeci
650 2821 683 2858 ex
704 2801 802 2871 vulgari
823 2802 987 2870 grammatice
1007 2806 1123 2889 percipio
1145 2823 1191 2860 eos
1219 2803 1275 2860 δῖοι

184 2869 280 2925 menis
295 2880 469 2924 numentanos
486 2887 537 2923 non
553 2871 685 2926 adieoa'vis
707 2869 874 2925 numeralibus
896 2873 941 2926 sed
963 2873 1130 2930 substantivis
1152 2875 1206 2928 ntis
1223 2891 1275 2928 non

185 2938 251 2990 enim
269 2937 354 2993 dicunt
370 2939 498 3002 secundo,
515 2939 628 3003 decimo,
647 2940 768 3008 vigesimo
792 2939 849 3004 (lie,
872 2941 1105 3008 renuntiasses,
1126 2945 1159 2998 erl
1177 2941 1274 3010 elecem,

184 3007 218 3058 ed
236 3005 327 3072 viginti
345 3007 401 3058 dies
417 3007 517 3058 mensis.
534 3007 607 3060 simul
623 3008 699 3060 etiarn
715 3008 909 3077 praepositionis
932 3007 972 3072 εἰς
993 3013 1142 3065 accusativo
1160 3012 1274 3079 iunctm,

183 3088 259 3141 qussi
275 3065 305 3138 ἐν
320 3073 421 3140 dativo,
443 3073 601 3142 frequentior
618 3083 658 3128 est
675 3076 742 3145 apul
759 3092 804 3128 eos
820 3093 888 3132 nens.
912 3077 983 3131 vides
1001 3079 1089 3149 itaque
1106 3077 1145 3144 εἰς
1162 3075 1212 3142 τοὶς
1226 3079 1275 3134 so'·

182 3157 234 3203 σοις
249 3139 415 3210 sosipatris,
432 3141 467 3194 ad
484 3142 588 3196 verbum
603 3145 641 3195 ιδ
656 3151 694 3196 tot
711 3145 802 3197 ιοιιιιίι
820 3147 890 3210 dios,
908 3147 986 3200 scribi
1003 3149 1059 3200 vice
1074 3150 1126 3202 toti
1145 3151 1187 3203 die
1203 3167 1274 3204 mess-

184 3211 232 3330 ιίι,
251 3209 408 3280 subiungitur
431 3203 462 3264 lo
487 3201 590 3284 ἦμέρᾳι
608 3216 637 3265 tu
658 3214 749 3284 supple
764 3210 814 3284 τῆς
836 3203 991 3285 ἑβδομάδος
1013 3211 1123 3290 spelm,
1147 3213 1276 3293 δευτέρᾳ,

184 3295 217 3346 ορ
230 3297 274 3350 sp.

252 3364 289 3418 ib.
306 3365 385 3418 att.
407 3357 528 3432 σννόδῳ]
546 3365 685 3418 nonarius
708 3365 855 3434 provinciae
877 3367 998 3424 collectos
1019 3371 1154 3444 episcopos
1178 3389 1276 3441 omnen

185 3429 228 3482 vel
245 3449 277 3484 ex
293 3431 431 3501 provinciis
446 3433 559 3487 omnibus
575 3434 734 3503 patriarchae
750 3435 870 3489 subiectis
887 3439 1017 3506 praesules
1034 3441 1144 3510 aliquot,
1168 3441 1202 3496 sle
1217 3458 1276 3494 mo·

183 3498 256 3551 ribus
269 3502 311 3552 rel
328 3501 451 3554 ecelesiae
468 3502 519 3554 fide
540 3501 728 3571 disquisitum,
747 3501 869 3558 σύνοδον
892 3505 935 3558 hic
959 3509 1045 3561 vocari
1069 3510 1210 3575 existimes,
1227 3511 1274 3564 sed

184 3565 228 3616 vel
244 3566 337 3620 οΙοι-ιιοι
355 3567 414 3635 GP,
433 3571 474 3622 sel
491 3585 547 3624 cam
565 3589 595 3624 eo
611 3573 741 3641 praesules
759 3572 801 3643 qui
820 3574 888 3628 torte
904 3574 950 3627 (ΞΡ
967 3585 1110 3632 versantur.
1128 3579 1189 3632 vide
1207 3581 1274 3634 luris

186 3633 238 3686 GR
256 3635 274 3688 1.
293 3637 310 3690 8
327 3644 354 3688 et
370 3636 389 3690 4
405 3638 534 3692 continere
549 3634 697 3700 οονοδιιιοὶς
711 3634 873 3710 ἀποφάσεις,
886 3642 934 3694 hoc
950 3651 990 3697 est
1006 3639 1197 3715 ἆρχιεροιιιιιὰς
1211 3648 1274 3701 δια-

182 3698 288 3770 τάξεις,
303 3707 450 3771 pontificios
466 3708 655 3762 constitutiones
671 3707 788 3776 privatim
804 3726 820 3761 a
837 3710 985 3778 patriarchis
1002 3715 1100 3782 editas,
1122 3717 1163 3768 cui
1180 3716 1274 3786 privati

184 3775 283 3824 tantum
300 3772 425 3842 paucique
442 3774 555 3845 episcopi
573 3775 702 3828 consilium
724 3775 823 3830 dedisse
839 3788 1015 3835 memorantur.
1041 3784 1098 3836 binc
1117 3778 1274 3854 ἐνδημοῦοοι

185 3833 379 3904 ῐιροὶσῦοοδος
391 3845 566 3912 peregrinans
582 3852 607 3898 et
620 3847 720 3900 toene
736 3847 861 3915 ιμιιοδιιι,
890 3854 918 3901 et
941 3849 990 3918 τῆς
1006 3843 1175 3922 ἐνδημούοης
1198 3871 1274 3922 τηνι-

183 3907 273 3964 satra
295 3910 544 3979 συναθροισθείσης
565 3912 686 3966 canobon
708 3910 869 3983 συνέδριον,
895 3921 1050 3974 occurrentis
1074 3929 1100 3976 ct
1124 3923 1161 3978 aa
1183 3923 1273 3977 urben

182 3975 401 4046 (somniantum)
417 3981 510 4048 synodi
529 3982 680 4050 concilians,
698 3981 809 4037 eiusdem
825 3985 909 4055 operis
925 4003 952 4056 p.
968 3989 1028 4042 271.

266 4102 294 4162 p·
316 4087 358 4148 88
376 4102 402 4143 v.
417 4086 446 4146 2.
473 4061 649 4164 Thomaites]
675 4105 807 4164 magnum
821 4091 892 4149 sacri
906 4090 1003 4170 palatii
1024 4091 1186 4172 triclinium,
1205 4099 1274 4154 nte

181 4162 341 4226 Zonarain
366 4169 479 4248 imperio
500 4169 594 4228 lienes
615 4171 790 4251 nominatur,
818 4177 894 4251 quod
915 4176 968 4234 sub
986 4178 1082 4236 eadem
1095 4179 1274 4256 imperatrice

180 4251 375 4326 conflagravit3
404 4273 515 4331 unaque
530 4261 727 4316 cremataesse
744 4259 870 4322 feruntur
889 4280 923 4320 eo
943 4262 972 4321 in
993 4261 1054 4322 loro
1072 4263 1272 4324 commentaria
