2798 4690
171 291 247 369 κιο
336 293 545 366 onumen
555 295 612 364 nr
626 293 761 364 corel
773 287 1104 361 murmannus
1150 241 1159 252 ’
1260 269 1264 276 ’

171 460 311 544 ὄδηγοῖνι
327 459 480 520 ‘ferebatur
498 464 593 520 numm
613 457 727 540 pietatis
737 475 823 520 censa
834 457 873 517 ad
888 454 1097 516 antamultimis
1111 457 1279 538 quadrage-

168 550 256 608 simae
277 546 391 622 diebus,
414 563 516 624 nempe
535 545 606 604 feria
628 545 677 604 ida
698 546 798 622 quinta
814 561 886 622 quae
899 547 1026 603 noenum
1040 543 1207 604 dominicam
1220 545 1276 604 Ιιι-

170 635 235 693 dico
253 633 410 704 antecedit,
438 631 626 706 manebatque
648 629 678 688 in
698 630 805 711 palatio
829 647 919 704 usque
939 629 976 686 ad
997 629 1150 687 secundam
1170 629 1273 688 feriam

170 716 333 790 Pascbatis3
350 735 407 793 quo
422 717 468 774 die
481 715 653 774 referebatur
666 714 696 772 in
706 715 907 774 monasterium
920 718 950 771 et
965 711 1103 792 templum
1118 717 1181 775 rein
1194 712 1276 791 top·

171 807 247 886 yde.
288 809 334 860 est
346 803 416 860 haec
426 799 537 878 imago,
558 801 597 859 ad
610 813 709 876 quemn
730 806 814 880 napta
826 798 862 856 ab
874 796 1038 858 Andronico
1054 798 1162 858 iuniore
1175 798 1274 877 cpoli,

171 885 348 948 Andronicus
361 887 455 946 senior
473 885 594 966 supplex
607 885 741 962 confugit
781 902 841 943 rens
857 888 954 943 narrat
966 881 1144 963 Nicephorus
1159 883 1274 960 Grego-

65 976 89 1030 P
105 975 158 1032 234
172 993 219 1033 rus
241 972 260 1032 l.
281 977 301 1039 9
323 993 352 1052 p.
373 970 436 1036 422
451 968 543 1030 Boun.
585 988 649 1029 cum
667 975 762 1030 autem
780 974 855 1028 teste
875 969 976 1032 eodem
996 968 1126 1046 Gregora
1144 965 1187 1030 24
1206 969 1272 1028 dies

170 1057 240 1120 etan
260 1064 391 1135 ageretur
405 1058 520 1132 quando
532 1075 550 1115 a
562 1056 670 1114 iuniore
688 1053 850 1114 Andronico
863 1053 963 1134 Cpolie
977 1060 1061 1131 capta
1074 1059 1135 1130 est,
1153 1071 1272 1112 necesse

170 1150 216 1203 est
228 1143 376 1220 imaginem
389 1142 504 1218 virginis
517 1140 707 1218 Hodegetriae
719 1145 799 1200 extra
809 1139 939 1198 ‘ordinem
953 1139 1158 1218 praescriptum
1171 1139 1201 1196 in
1214 1159 1271 1217 pu·
1379 1151 1380 1170 ³

170 1229 240 1290 latio
253 1228 355 1301 fuisee3
376 1231 406 1284 et
425 1227 500 1288 forte
521 1224 699 1285 Andronicus
711 1226 804 1284 senior
818 1224 971 1284 defectione
986 1223 1036 1282 illa
1053 1223 1166 1302 nepotis
1179 1229 1209 1282 et
1222 1241 1272 1282 as·

170 1312 307 1374 sedarum
319 1318 474 1373 commotus
490 1329 552 1372 eam
564 1312 594 1370 in
607 1310 742 1392 palatium
761 1309 854 1370 solatii
873 1314 903 1369 et
919 1308 1036 1370 subsidii
1058 1327 1143 1378 earne
1163 1327 1272 1388 appor-

171 1399 289 1460 tandum
305 1403 458 1457 curaverat

257 1482 334 1553 Quid
351 1478 537 1540 venerationis
554 1477 674 1540 Michael
687 1478 872 1558 Palaeologns
894 1478 1047 1558 imperator
1070 1475 1185 1555 imagini
1205 1475 1271 1536 Ho-

171 1569 331 1648 cogentiae,
350 1566 472 1647 expulsis
490 1563 600 1626 htiuis
619 1566 721 1648 Cpoli,
741 1566 888 1644 detulerit,
908 1562 1025 1644 exponit
1045 1562 1188 1643 Gregoras
1207 1561 1227 1622 l.
1247 1559 1270 1625 4

170 1675 191 1736 P
254 1735 344 1795 Porro
363 1732 499 1814 templum
517 1737 580 1796 eoin
600 1730 721 1814 ὁδηγῶν
746 1733 902 1794 aedificavit
927 1729 1074 1791 Pulcheria
1096 1730 1271 1812 imperatrix,

169 1821 200 1880 in
218 1838 275 1896 qno
294 1819 416 1880 divinem
435 1819 568 1897 deiparae
588 1818 737 1897 imaginem
760 1819 900 1900 reposuit,
928 1835 1013 1893 quarn
1033 1814 1127 1878 Lucas
1146 1835 1270 1896 evange·

170 1907 237 1966 {ista
252 1907 282 1963 in
302 1905 400 1964 tabula
417 1904 558 1983 depictam
575 1905 701 1982 reliquit,
723 1910 755 1964 ut
774 1905 814 1963 ait
827 1901 1004 1981 Nicephorius
1020 1901 1060 1964 14
1073 1907 1104 1966 2.

254 1991 329 2048 Cum
347 1989 475 2050 leaacum
495 1987 635 2067 Angelum
657 1990 724 2068 imp.
745 1989 928 2069 Cpolitamnn
941 1988 1050 2047 Branas
1063 1991 1140 2046 arcte
1154 1984 1270 2045 obside-

168 2080 233 2152 ret,
253 2075 406 2156 imperator
428 2075 473 2134 dci
492 2076 631 2152 garitn‘cir
650 2077 807 2152 imaginun,
836 2093 903 2154 quoe
918 2075 952 2132 ob
970 2073 1269 2148 Hodcgio'eronnsterio

170 2159 336 2236 Hodegetu'n
353 2164 539 2238 nuncupatur,
563 2161 593 2218 iu
614 2163 714 2219 moenia
736 2179 785 2238 pro
805 2159 878 2218 uallo
891 2157 1097 2236 inexpugnabili
1109 2156 1269 2233 'transtulit

170 2250 204 2304 ut
217 2245 313 2304 scribit
325 2242 440 2304 Nicetes
454 2244 606 2303 Choniates
620 2243 638 2302 l.
655 2245 673 2306 1
689 2245 725 2304 de
741 2243 825 2304 rebus
843 2243 932 2328 gestis
949 2241 1040 2302 Isami
1060 2239 1171 2319 angeli.
1213 2257 1268 2300 nec

169 2331 293 2406 seusun,
307 2334 341 2387 ut
353 2329 419 2388 felix
431 2329 522 2388 exitiis
535 2329 693 2388 declaravit.
746 2385 749 2392 .

255 2415 299 2472 Ut
315 2413 505 2474 iusiurandum
518 2431 553 2472 eo
571 2413 676 2472 firmius
697 2417 790 2488 esset,
814 2411 903 2471 voluit
916 2407 1092 2470 Andronicus
1108 2411 1202 2469 senior
1214 2409 1268 2470 im-

170 2503 285 2578 perator
297 2499 350 2555 sibi
364 2497 431 2555 illud
445 2498 504 2556 dari
528 2517 547 2557 a
571 2497 706 2557 biichaele
725 2497 864 2575 catharo,
888 2502 993 2576 nepote
1014 2517 1083 2574 sno,
1107 2515 1200 2556 coram
1215 2515 1270 2554 sa·

170 2589 317 2642 crosancta
330 2583 450 2660 imagine
463 2582 634 2642 castissimae
653 2583 698 2641 dei
717 2582 857 2661 genitricis
877 2581 1082 2659 Hodegetriae,
1113 2587 1147 2640 ut
1170 2579 1270 2641 scribit

172 2669 316 2746 Gregoras
334 2667 352 2726 l.
368 2671 397 2733 8.
438 2667 641 2745 Hodegetriam
659 2688 744 2749 porro
759 2668 961 2748 interpretetur
977 2667 1094 2730 nouus
1114 2669 1174 2726 uine
1192 2683 1269 2724 ικοκ-

170 2757 319 2814 sundran
330 2772 381 2812 seu
394 2752 545 2827 ductricem.

241 2869 307 2924 ibid.
347 2883 410 2920 vere
435 2865 534 2936 quiden
559 2868 700 2920 Gretserus
720 2860 773 2954 κήῃκ
796 2859 893 2920 εἰκόνα
917 2864 967 2934 τῆς
987 2860 1177 2934 deceptores,
1204 2855 1269 2932 ἥτις

170 2927 203 2990 ia
227 2937 280 3002 τῆς
298 2935 354 2987 τῶν
373 2930 498 3003 'orpes
521 2937 622 3003 μονῆς,
647 2929 715 2988 καθ’
744 2953 782 3003 ην
808 2931 1063 3003 προσκεκλήρωται,
1082 2930 1268 3001 Ὁδηρήτριαο

169 3003 393 3069 namneticum
415 3005 498 3054 refert
522 3021 555 3055 ex
575 3004 669 3056 Nicete
692 3002 719 3055 in
741 3003 838 3056 isaacio
865 3005 962 3070 angelo
984 3004 1003 3060 1.
1030 3005 1054 3056 1.
1080 3001 1185 3056 eandem
1202 3017 1267 3052 κοτο
1325 3015 1328 3022 ’

169 3079 329 3135 numurus,
345 3069 378 3122 ed
395 3085 471 3140 qnam
489 3071 554 3123 betto
571 3087 675 3138 pressus
691 3077 719 3124 et
735 3089 752 3123 a
769 3077 862 3140 nepeta
883 3089 914 3125 ce
933 3081 974 3126 tur
997 3073 1083 3126 senior
1105 3068 1267 3125 Andronicus

169 3138 331 3209 contugerit,
347 3142 378 3190 ut
393 3155 448 3192 esne
466 3138 595 3208 amplexus
618 3139 689 3192 vitae
710 3140 889 3210 libertatisque
912 3141 1098 3198 emmunitatem
1114 3155 1267 3208 assequere-

168 3216 228 3274 tur,
247 3227 276 3262 se
291 3213 389 3262 tentum
407 3213 511 3262 sucwre
528 3213 555 3260 et
571 3214 639 3261 teste
655 3207 740 3262 firmat
756 3209 898 3262 Gretserus
921 3227 953 3262 ac
974 3209 1072 3262 nonnisi
1088 3207 1178 3260 dubius
1194 3205 1267 3260 veti-

168 3277 277 3334 ciuatur.
295 3278 376 3332 satius
395 3293 450 3336 eam
467 3275 588 3340 dixisset,
606 3293 688 3346 quea,
704 3277 832 3331 referente
849 3278 983 3331 Vincentio
999 3277 1028 3331 in
1044 3279 1123 3346 Spes.
1140 3274 1210 3328 Hiet.
1229 3273 1266 3328 23

169 3347 236 3417 147,
253 3347 299 3400 sub
316 3345 402 3400 Leone
419 3346 506 3400 isauro
522 3363 570 3428 per
585 3361 668 3399 muros
684 3345 755 3400 urbis
775 3347 819 3400 GP
835 3345 913 3400 ducta
935 3347 1037 3400 foedum
1055 3343 1190 3397 Saracenis
1207 3359 1265 3396 eam

167 3417 257 3469 urben
278 3415 452 3468 obsidentibus
459 3415 548 3500 ⁸intuht
563 3414 736 3498 naufragium,
752 3411 924 3502 idnpp'epcow
938 3412 1061 3499 siqnidem
1071 3415 1178 3467 referta
1191 3413 1265 3466 Luca

168 3483 741 3622 iilsmilirilceiiioiriiritemliinvireigiiiioaii“iiiiii1
746 3481 1265 3622 peppppnfflplppulcppso:rpffipssecpp:

168 3621 251 3675 sitam.
270 3621 390 3674 audacior
406 3622 540 3692 adiungam
557 3619 661 3674 eandem
677 3621 868 3692 quee‘Heraclii
888 3627 1037 3690 tempores
1059 3621 1152 3687 Sergio
1173 3617 1261 3688 ponti-

168 3689 219 3742 fice
237 3691 281 3743 GP
300 3707 345 3758 per
362 3706 445 3744 muros
461 3691 608 3744 circumlata
623 3691 736 3758 Scythae
754 3691 787 3744 ab
804 3690 842 3743 eis
861 3689 1010 3744 miraculose
1028 3689 1138 3759 depulite
1161 3687 1262 3756 qualem

167 3759 235 3812 enim
262 3754 432 3826 ὀδργήκριοικ
455 3761 616 3825 Vincentius,
649 3759 714 3813 hauc
740 3775 842 3828 quoqne
869 3759 992 3814 describit
1017 3771 1158 3825 anonymus
1187 3753 1261 3810 bravi

189 3828 266 3881 ublici
291 3826 354 3879 iuris
377 3831 394 3879 ‘a
413 3834 495 3912 patre
518 3827 647 3882 Combetis
669 3827 809 3884 faciendus.
836 3823 951 3894 Σέργιος
973 3821 1006 3880 di
1028 3821 1044 3880 ei
1066 3821 1195 3910 ieocipggc
1209 3818 1262 3886 τὰς

169 3845 248 3963 iinc'cc
264 3891 374 3955 εἰκόνας
390 3912 439 3962 της
456 3893 644 3964 θεομήτορος,
668 3893 712 3958 οἷς
727 3891 845 3963 μάλιστα
861 3896 909 3950 καὶ
926 3891 1029 3965 βρέφος
1050 3888 1066 3946 ὁ
1084 3910 1176 3962 onega
1193 3888 1259 3956 ἕξει·
1379 3939 1380 3946 ,

169 3963 309 4026 eberstein
325 3957 355 4016 ἐκ
373 3956 506 4030 ἀγκάλαις
521 3965 570 4034 τῆς
585 3959 864 4048 μητρόρὲξιφὲρετο,
887 3959 990 4025 τούτοις
1001 3959 1093 4034 λαβὼν
1108 3958 1214 4034 περιῄει
1224 3954 1261 4012 τοὶ

167 4034 254 4104 τείχη,
275 4029 442 4102 depununtur
457 4037 542 4096 certe,
557 4040 586 4085 nt
603 4034 788 4153 antirpnrssime,
805 4034 827 4086 si
841 4034 937 4087 aLuca
949 4032 1090 4098 delineata,
1107 4031 1183 4085 etiam
1214 4044 1261 4080 ne-

169 4119 225 4156 rum
243 4106 324 4158 laum
342 4100 407 4154 uinis
423 4101 645 4170 complectebatur.
679 4102 782 4155 esimiii
797 4102 823 4154 iu
849 4101 1028 4156 Blacherncnsi
1049 4099 1144 4173 temple
1165 4115 1184 4152 u
1230 4113 1261 4152 e-

170 4187 245 4228 ueuo
260 4175 363 4243 Argyre
379 4175 483 4242 reperta
500 4168 643 4226 caducum
658 4169 824 4226 disserentem
839 4171 951 4243 perlege.
