2822 4684
161 311 232 384 180
309 307 520 379 GRETSERI
536 310 592 376 ET
610 307 743 376 GOARI
758 301 1095 374 COMMENTARIUS

224 491 251 544 p.
270 475 331 529 9v.
350 473 376 528 5.
410 475 548 526 stratorum
571 476 628 524 erat
651 481 742 540 equum
762 469 843 521 freno
858 471 948 522 tenere
964 470 993 522 et
1008 466 1190 523 conscendenti
1203 485 1258 524 ma·

157 542 277 614 gistratui
301 559 376 613 opem
400 542 478 594 ferre.
514 539 668 608 Spartianus
692 538 719 590 in
743 537 890 590 Caracallo:
921 555 978 590 mem
1006 538 1083 591 illam
1109 538 1140 590 in
1164 555 1258 607 apuam

157 620 255 666 strator
271 613 326 666 eiua
343 613 452 664 ureret.
486 609 582 661 Paulus
598 605 778 662 Diaconueds
789 607 870 674 gestis
882 606 1060 675 langobarda
1078 623 1157 674 equas
1166 625 1259 676 paam-
1289 667 1292 672 ‚

158 681 200 735 cis
217 682 279 734 binc
294 681 357 734 inde
375 697 394 732 α
410 678 578 743 stratoribus,
595 676 743 729 uerberibus
760 692 863 742 cumas,
881 693 933 728 noo
949 681 1054 744 poterat
1071 677 1179 730 elevari·
1213 672 1272 728 ira.

157 745 299 816 ποαάμοαρ
317 765 362 801 eos
379 747 467 802 dixere
482 751 586 799 veteres
605 743 715 798 Graeci:
742 737 832 806 edisir
855 733 906 797 οὖν
930 740 1116 812 καλεσάμενος
1131 739 1197 806 τοδε
1212 737 1259 797 ia·
1337 769 1341 774 ¹

158 815 300 886 ποαόμοορ
315 815 363 870 καὶ
379 817 431 870 τοῦ
447 815 538 868 ἵππον
564 808 663 883 ἐπιβάς
689 807 826 880 orituris
848 807 914 874 τούς
936 807 1102 882 Κομαηνοδς
1123 808 1260 882 φερούσης

157 887 273 954 πορείας
305 879 410 954 ἥψατο.
443 880 603 952 στράτωραρ
637 882 801 936 recentiores.
836 881 1022 952 Theophanes:
1047 875 1117 950 μετά
1145 884 1260 936 σπαθαε

159 956 228 1024 ρίαν
242 952 290 1011 aab
304 950 470 1021 οτρατάραν
485 953 568 1006 τινῶν
591 947 640 1004 καὶ
664 943 766 1018 ἑτέρων
790 950 937 1022 βασιλικῶν
962 946 1137 1016 άνδράποεν.
1173 967 1260 1004 eorum

158 1025 257 1096 primus
279 1018 508 1091 πρωτοστράτωρ.
527 1021 659 1074 Cedrenus
679 1020 707 1072 iu
736 1019 896 1089 'l’heophiloe
925 1013 1040 1089 Μιχαὴλ
1067 1015 1231 1088 ἱπποκόμων
1242 1015 1260 1074 δ’

158 1093 268 1161 πρῶτος
284 1089 444 1175 γενόμενος’·
469 1085 710 1211 πρωηηητράῖωρα
726 1090 827 1210 τοῦτχηη
839 1087 920 1210 ¹proelii.
936 1088 1257 1211 Triledeassffilerfflcpropa:

158 1161 625 1297 biriririebuimibirbrpibibniiaoiiaibb
641 1174 785 1294 iiiieiie·
810 1175 1051 1295 sipiiobepdibbo
1064 1175 1165 1280 τοῦάάά
1181 1176 1259 1280 ciiii

159 1295 251 1368 ὄνομά
280 1316 307 1353 ιν
322 1295 341 1366 ἡ
356 1295 498 1382 διάλεητορ
509 1292 613 1418 procori„
638 1296 728 1350 eadem
744 1295 775 1348 ad
792 1297 898 1380 yerbum
916 1313 948 1348 ex
965 1295 1127 1417 Thffiiim
1142 1295 1259 1418 analplas

160 1373 251 1490 iniis
267 1369 1061 1504 etlttltlttttttttttttttttlttlt„0.
1082 1380 1259 1501 ‘tilitas

160 1519 264 1576 quoque
291 1506 346 1558 eois
372 1501 537 1573 στρατάρων
561 1501 628 1554 dixit
651 1503 678 1554 in
703 1501 840 1554 Iustiniana
862 1503 880 1555 2
903 1501 1092 1572 Theophanes:
1116 1501 1259 1572 ibidemque

159 1570 402 1642 πρωτοστράτωρα
417 1574 469 1628 soi
486 1568 599 1642 άψιαίοο
618 1577 754 1633 memoret,
781 1571 858 1624 alium
875 1575 959 1623 tamen
977 1571 1098 1638 aregio,
1123 1573 1259 1625 comitatus

159 1659 251 1764 libmpe
279 1637 518 1764 iopesiovbypcati,
546 1647 700 1762 sbtrptprum⁸
713 1639 828 1724 primum:
872 1656 990 1762 οιεςιοοΐ
1005 1641 1260 1761 ι(ηοοεχοεθειοείριείε

179 1717 1260 1849 sititet?tut'tttttmt‘ttta”titiiatttriti

176 1933 327 1986 φεστηαασι
350 1935 407 1972 των
429 1936 479 1986 της
513 1935 563 1986 epa
580 1935 613 1988 ητ
673 1935 689 1969 τ
747 1954 754 1970 .

162 1991 244 2040 eraut.

247 2080 276 2137 p.
291 2059 311 2120 9
324 2075 350 2116 v.
366 2061 394 2124 6.
432 2056 556 2134 Magnus
590 2055 834 2135 stratopedereba]
863 2055 1001 2114 Graecum
1027 2073 1130 2114 nomen
1155 2061 1186 2114 et
1215 2056 1259 2115 hic

162 2149 193 2202 et
214 2142 280 2202 alibi
298 2142 416 2201 libenter
438 2143 564 2220 retineo,
591 2143 658 2220 quia
676 2144 722 2202 vix
743 2147 900 2222 suppetunt
924 2140 1045 2220 Latina,
1066 2159 1140 2218 quae
1163 2141 1262 2204 talium

161 2245 263 2286 vocum
275 2227 330 2286 vim
339 2229 409 2286 satis
423 2228 589 2306 exprimant.
645 2253 652 2280 τ

229 2317 263 2375 Ὁ
293 2318 378 2391 μέγας
411 2319 669 2394 στρατοπεδάρχης]
709 2321 732 2376 is
767 2337 818 2375 non
851 2321 916 2375 alius
945 2337 1021 2392 quam
1052 2323 1184 2392 tribunus,
1214 2320 1259 2398 qui

163 2391 269 2445 militum
292 2407 382 2444 causas
405 2390 512 2457 definit,
536 2393 641 2445 crimina
661 2391 738 2446 etiam
759 2391 852 2443 leviter
874 2391 983 2458 castigat
1006 2390 1165 2468 flagellisque
1188 2390 1261 2448 caedi

162 2461 249 2523 iubet,
272 2465 298 2512 et
313 2461 419 2512 absente
435 2458 563 2513 exercitus
579 2461 711 2530 praefecto
733 2460 760 2512 in
780 2458 873 2513 milites
896 2460 1091 2532 animadvertit,
1115 2463 1260 2532 vigiliarum

165 2535 194 2582 et
210 2528 372 2612 profectionis
388 2534 513 2583 tesseram
528 2529 581 2584 dat.
615 2531 639 2583 si
654 2531 728 2582 miles
744 2529 840 2582 crimen
856 2530 963 2596 aliquod
979 2531 1133 2598 admiserit,
1150 2533 1188 2586 ait
1206 2533 1259 2586 Ve-

165 2605 252 2668 getms
266 2599 300 2654 22
316 2599 349 2662 9,
373 2600 530 2653 anctoritate
544 2601 672 2668 praefecti
687 2599 811 2652 exercitos
828 2615 846 2650 a
862 2599 966 2652 tritam
983 2601 1126 2668 deputator
1142 2603 1179 2654 οδ
1194 2619 1260 2672 poe·

166 2680 238 2720 acm.
273 2685 350 2720 arma
374 2669 503 2733 miiitum,
527 2675 623 2734 cates,
646 2669 720 2736 equi,
743 2684 847 2720 ancona
869 2668 905 2720 art
928 2685 1018 2722 caram
1041 2673 1096 2724 eirea
1114 2673 1259 2740 pertinent.

167 2737 321 2806 disciplinae
336 2737 378 2789 ios
394 2744 419 2788 et
435 2737 560 2790 severitus
576 2740 712 2804 mercibus,
729 2753 782 2790 noa
798 2738 879 2790 solam
895 2737 1011 2806 peditam
1026 2740 1072 2792 sed
1088 2741 1168 2795 etiam
1186 2741 1261 2810 equi·

166 2811 224 2858 tum
241 2806 458 2874 legionariorum,
473 2813 611 2876 praecepto
628 2808 683 2860 eius
697 2805 812 2875 quotidie
827 2812 951 2858 carator:
967 2808 1023 2875 ipae
1039 2815 1126 2862 autam
1137 2817 1221 2864 wotos
1233 2817 1259 2864 et

167 2873 284 2941 diligens
307 2879 333 2926 et
355 2873 456 2928 sobrios
483 2875 611 2944 legionem
633 2875 683 2927 sibi
706 2876 831 2929 creditam
846 2875 959 2927 assiduis
974 2877 1091 2944 oportun
1108 2880 1144 2931 οδ
1159 2897 1259 2934 omnem

167 2942 328 2994 devotionem
344 2947 472 3010 reformat
489 2951 515 2995 et
525 2944 697 3008 industriam,
717 2943 799 2996 sciere
815 2945 852 2996 od
868 2946 997 3012 prefecti
1013 2947 1117 3000 laudem
1131 2950 1259 3003 subiecto·

167 3025 228 3063 ram
243 3010 390 3064 retrodare
404 3012 539 3066 virtatem.
573 3008 817 3080 στρατοπεδάρχην
839 3029 902 3064 vero
926 3012 1055 3067 tribunum
1072 3031 1128 3069 esse
1143 3017 1260 3072 declarat

166 3077 339 3148 Theophanes
354 3079 382 3130 in
397 3079 517 3144 Ioviano,
539 3096 615 3149 quem
632 3081 736 3133 eundem
752 3079 917 3150 τριβοῦνον,
937 3081 1029 3138 deinde
1052 3083 1259 3155 στρατοπεδάρ-

166 3163 235 3228 χην,
252 3161 310 3198 mor
325 3146 467 3218 χιλίαρχον
488 3149 608 3218 appellat.
641 3149 731 3202 ultima
748 3165 849 3268 quopue
865 3167 931 3202 voce
947 3151 996 3203 hoc
1013 3153 1124 3207 nitidum
1140 3154 1196 3208 eius
1211 3173 1259 3210 ex-

165 3215 245 3284 plieat
261 3214 408 3281 cedrenum
438 3233 513 3286 quem
530 3217 721 3271 domesticorum
738 3224 895 3290 pmeeotum
913 3219 1092 3288 Marcellinus,
1120 3223 1259 3278 eorundem

166 3283 336 3354 primicerium
351 3284 440 3356 scribit
457 3285 628 3354 Hieronymus
644 3287 671 3338 in
688 3285 824 3341 Chronico.
857 3287 1101 3360 στρατοπεδάρχην
1117 3297 1259 3346 aestrorum

167 3367 254 3405 euram
270 3354 381 3421 gessisse
398 3373 430 3408 ex
448 3355 548 3408 nomine
564 3356 679 3408 scribunt
694 3355 751 3422 alii,
768 3357 859 3426 quibus
875 3357 1016 3428 assentior3
1034 3359 1061 3412 id
1077 3360 1144 3414 enim
1157 3377 1259 3483 qnoflue

165 3421 277 3474 muneris
293 3422 431 3492 praestitit.
465 3423 641 3478 auctoritatem
660 3428 688 3478 et
703 3425 754 3478 alia
771 3425 803 3478 ad
822 3430 897 3496 eaput
914 3425 1027 3494 quintum
1056 3431 1175 3486 referam.
1227 3447 1260 3483 u·

165 3489 303 3557 mathiam,
326 3497 357 3544 ut
382 3493 496 3562 Cyprum
519 3499 693 3564 recuperatam
715 3499 844 3556 tueretur,
868 3445 1099 3564 stratopedarcbam
1116 3498 1149 3552 ab
1166 3499 1260 3553 Alexio

168 3565 281 3612 creatum
298 3562 381 3613 refert
396 3562 469 3616 Anna
485 3561 539 3614 lilia
556 3562 574 3615 Ι.
592 3565 622 3616 8:
646 3563 706 3616 δεῖν
724 3559 792 3632 ipra
807 3555 918 3627 ’attitiae
930 3559 966 3616 τά
982 3560 1054 3618 κατά
1069 3564 1122 3688 την
1138 3565 1261 3635 Κάπρον

166 3619 392 3696 depensuram,
409 3629 463 3683 ’καὶ
485 3625 535 3683 τὸν
558 3629 714 3698 Φιλοκάλην
732 3627 882 3700 Εάμάθιον
899 3628 952 3700 τὴν
967 3631 1069 3703 ταύτης

167 3691 298 3763 φρουράν
314 3695 557 3784 στρατοπεδάρχηχ
572 3699 794 3786 προεχειρίσατο,
817 3701 887 3762 ναῦς
902 3697 1050 3770 πολεμικάς
1065 3700 1192 3768 δεδωκάς
1204 3701 1261 3758 αὖ·

167 3763 211 3834 αφ’
224 3763 272 3817 καὶ
288 3761 425 3834 immorer,
452 3761 501 3835 ἐφ’
525 3786 546 3840 p
571 3787 607 3822 τα
629 3787 702 3822 κατα
724 3763 776 3838 τὴν
797 3764 913 3836 Κάπρον
937 3767 986 3824 διά
1003 3789 1032 3826 τε
1049 3769 1261 3844 θαλάσσησκαὶ

166 3824 286 3900 ἠπείρου
311 3827 523 3902 άσφαλίζεσθαι.
557 3837 670 3908 explicet
686 3837 830 3906 Logotbeta
845 3835 1090 3911 στρατοπεδάρχην
1103 3859 1170 3897 voce
1186 3844 1260 3898 Tur·

166 3901 223 3954 oica
239 3901 412 3963 iem.Graecis
428 3905 491 3959 satis
507 3905 622 3960 familiari
638 3903 824 3974 aetipaomor:
854 3907 1025 3964 bennclavius
1053 3909 1197 3984 Peclarp'ax
1222 3912 1261 3966 ait

166 3985 224 4024 esse
241 3971 413 4042 Regios-hog,
430 3973 504 4043 que'm
521 3975 624 4047 exponit
638 3983 801 4044 praetorem,
816 3979 979 4046 praesidem,
1005 3983 1033 4032 et
1048 3981 1149 4034 taudem
1166 3997 1262 4050 capre*

166 4055 238 4092 maus
253 4049 394 4096 castrorum
409 4045 496 4114 princi
514 4061 570 4107 ema
594 4044 714 4114 additque
735 4063 826 4099 vocem
849 4046 978 4100 Graecam
1001 4047 1259 4120 στρατοπεδάρχην.

166 4123 284 4189 maguum
296 4112 363 4164 bunc
375 4061 606 4182 stretopeiembam
622 4121 744 4196 quattuor
758 4113 895 4170 minoribns
912 4116 1054 4186 praefuisse
1068 4118 1158 4176 scribit
1167 4119 1261 4176 Meur-

167 4190 234 4232 sruss
252 4183 281 4233 at
296 4196 346 4235 nou
362 4197 468 4252 magnus
480 4196 580 4253 semper
595 4197 640 4250 qus
655 4183 709 4238 eliis
724 4191 844 4256 praeest,
858 4184 904 4239 sed
921 4184 965 4255 qui
981 4185 1067 4260 officio
1084 4195 1213 4259 praestat.

250 4301 280 4365 p.
295 4288 316 4353 9
330 4303 356 4348 v.
370 4287 400 4350 7.
434 4281 556 4369 Magnus
567 4287 748 4372 primicerium]
768 4291 805 4393 de
819 4290 978 4377 primiceriis
991 4291 1048 4356 iam
1060 4295 1107 4380 egi
1125 4294 1144 4356 b
1159 4298 1178 4362 1
1191 4316 1215 4360 α
1230 4301 1264 4363 2.

1104 3637 1261 3704 antipatros
