2798 4690
148 279 221 350 ars
309 280 518 350 auersum
534 281 589 348 ur
603 279 740 351 coum
756 245 1122 350 counmramus'

147 406 216 505 'aaa
249 437 290 506 er.
306 434 396 496 aaa
414 437 471 512 οη.
508 441 575 509 aa..
609 437 649 504 ‚a
671 435 704 496 a
718 435 773 508 „p
791 435 934 509 „saara
949 433 1059 560 aalma
1076 437 1175 522 aaa..
1210 441 1256 510 aa

148 507 182 564 cd
203 509 411 582 πολυχρόνιον,Ὶ
432 507 521 579 ζωήν,
539 506 670 632 stupeno,
693 507 790 580 ὑγείαν
811 507 859 563 ani
880 525 972 594 οωτηο
985 527 1022 564 ur
1039 514 1092 567 τοῦ
1108 530 1255 584 aucupam-

149 577 238 634 coirou
257 579 336 649 ἡμῶν
351 575 490 632 δεσπότου
508 577 558 632 καὶ
572 597 587 631 ο
601 579 768 649 νονμενινοῦ
783 595 966 646 assumptos.

148 665 151 674 ‘
234 672 262 731 p.
276 649 316 716 45
330 671 357 711 v.
368 655 396 714 2.
417 654 494 710 cuius
506 652 644 730 lampadis
663 652 728 728 etc]
744 657 837 710 exstat
848 650 875 709 Τ
876 652 992 709 heodori
1005 652 1180 712 Balsamonis
1193 674 1256 714 me-

149 737 206 796 lete
223 755 273 794 seu
297 737 463 813 disceptatio
483 739 519 796 de
537 737 592 795 hoc
608 755 686 796 more
701 737 862 814 imperatori
886 737 1061 814 praeferendi
1083 737 1255 820 lampadem,

151 827 183 880 ut
200 828 230 880 et
244 822 411 900 imperatrici
429 829 459 880 et
473 823 597 898 quinque
619 822 797 900 patriarchis,
819 820 946 880 Romano
968 822 1255 902 Cpolitaqulexan-

136 907 232 975 ¹drino
260 905 437 965 Antiocheno
473 906 736 984 Hierosolymitano.
776 907 816 965 ait
850 906 1011 985 imperatori
1043 907 1182 986 duplicem
1215 911 1255 970 ob

151 1009 264 1050 causam
295 991 430 1070 praeferri
454 991 629 1069 lampadem,
661 997 722 1050 tum
752 992 818 1068 quia
839 991 961 1048 humana
984 997 1046 1050 tum
1069 994 1135 1068 quia
1159 995 1255 1056 diviua

115 1101 121 1112 ·
152 1082 251 1151 curat,
272 1081 385 1151 tamque
406 1096 439 1134 ea
457 1094 531 1155 quae
549 1076 587 1134 ad
614 1095 715 1155 corpus
741 1095 824 1153 quam
845 1094 971 1152 eaquae
993 1078 1030 1134 ad
1051 1078 1171 1136 animam
1189 1100 1257 1159 per-

152 1163 243 1220 tinent
261 1159 356 1240 (huius
376 1163 449 1220 euim
463 1161 590 1238 geminae
607 1163 758 1242 potestatis
774 1161 952 1222 concessione
977 1161 1192 1222 blandiebantur
1208 1184 1256 1226 re-

152 1247 289 1305 centiores
309 1246 409 1304 Graeci
426 1248 483 1304 suis
501 1246 739 1326 imperatoribus),
752 1264 842 1322 eaque
855 1247 891 1303 de
908 1265 993 1304 causa
1005 1245 1148 1326 larhpades
1166 1250 1257 1327 impe-

153 1331 254 1390 ratoris
280 1332 436 1410 duplicibus
460 1332 551 1390 aureis
577 1333 686 1391 coronis
707 1333 812 1390 cinctas
840 1349 916 1404 esse3
943 1331 1162 1409 patriarcharum
1186 1354 1256 1395 vero

152 1415 313 1494 lampades,
342 1422 426 1474 utet
451 1416 651 1494 imperatricis,
680 1435 738 1474 una
759 1421 885 1492 tantum
912 1421 953 1474 eo'
975 1417 1052 1492 quod
1080 1407 1262 1497 patriarchae·

152 1500 339 1578 spiritualium
359 1502 555 1560 tantummode
574 1519 668 1558 curam
687 1500 827 1579 habeant,
847 1499 974 1558 mulieres
995 1504 1163 1581 temporalia
1182 1506 1257 1564 duu-

154 1591 234 1645 taxat
247 1591 391 1664 spectent,
412 1587 517 1664 quippe
530 1585 631 1662 quibus
646 1586 677 1644 in
689 1586 804 1646 eeclesia
817 1587 918 1645 docere
930 1587 1110 1646 interdictum
1123 1591 1169 1648 sit
1193 1629 1196 1634 -

240 1672 379 1734 Videntur
392 1680 487 1733 autem
501 1673 570 1734 haec
583 1693 668 1733 amec
680 1674 724 1734 vel
736 1681 870 1752 argentea
883 1672 1115 1753 στεφανώματα,
1137 1684 1171 1736 ut
1187 1677 1258 1736 Bal-
1357 1677 1362 1692 ‘

155 1777 254 1817 samon
267 1766 378 1838 ¹vocat,
409 1765 439 1817 et
460 1752 671 1840 dpcyycipuca,
700 1779 820 1819 coronae
844 1761 875 1817 in
896 1779 1002 1820 morem
1022 1761 1145 1840 lampadi
1170 1765 1259 1822 luisse

156 1844 304 1922 imposita,
324 1844 369 1903 vel
384 1849 477 1922 certe,
499 1846 576 1920 quod
599 1837 809 1926 θριγγοῖμοτος
829 1863 932 1904 nomeu
952 1846 1047 1924 patius
1063 1848 1181 1926 suadet,
1201 1851 1258 1926 ipsi

154 1929 277 2007 lampadi
292 1929 474 1987 cancellomm
490 1949 540 1988 seu
560 1929 709 2008 sepimenti
725 1931 814 1988 instar
835 1931 1037 2008 circumposita.
1059 1933 1140 1993 addit
1158 1934 1258 1994 Balsa-

156 2029 224 2072 mon
237 2014 291 2071 hoc
312 2015 387 2072 idem
405 2009 571 2094 προνόμιον
587 2033 637 2072 scu
652 2013 825 2093 privilegium
850 2017 1021 2094 procedendi
1040 2035 1103 2074 cum
1126 2019 1258 2098 lampade

157 2117 319 2158 concessum
334 2101 420 2157 fuisse
433 2099 640 2179 archiepiscopo
653 2099 802 2178 Bulgariae
822 2105 852 2158 et
865 2100 954 2180 Cypri
973 2108 1003 2159 et
1023 2103 1118 2180 paucis
1141 2105 1257 2179 quibus-

158 2185 483 2264 dam‘metropolitauis,
504 2191 533 2243 et
554 2191 666 2263 praeter
680 2185 732 2244 hos
752 2184 835 2258 nulli;
856 2191 886 2243 et
904 2186 1075 2265 patriarchas
1092 2208 1150 2246 non
1170 2191 1256 2249 modo

155 2269 185 2326 in
199 2289 252 2326 sira
271 2270 390 2328 dioecesi
406 2271 457 2328 sed
483 2275 514 2328 et
532 2275 611 2327 extra
628 2269 757 2347 lampade
774 2270 894 2328 illustres
911 2273 1044 2350 progredi
1058 2291 1159 2352 posse3
1179 2277 1258 2351 quod

157 2354 252 2412 multis
275 2354 337 2432 ipse
360 2356 494 2414 adversus
516 2353 694 2414 oblocutores
720 2357 858 2431 quosdam
879 2355 1041 2436 coufirmat,
1067 2376 1151 2464 qpem
1179 2361 1258 2439 legat

134 2493 139 2507 .
158 2439 207 2514 qui
220 2437 296 2498 volet
306 2438 323 2497 l.
336 2442 356 2496 7
370 2439 443 2498 Iuris
453 2439 517 2500 GR.

227 2552 252 2603 p.
264 2534 299 2588 46
310 2553 335 2592 v.
347 2535 372 2588 2.
390 2531 545 2604 τροπάριον
563 2537 681 2590 modulare
697 2540 747 2604 est,
765 2535 857 2591 cantici
872 2535 986 2592 nimirum
999 2555 1092 2608 genus,
1107 2539 1141 2594 sd
1151 2541 1258 2596 alterins

158 2603 311 2672 exemplaris
327 2603 401 2658 modo
427 2623 456 2659 ss
480 2605 596 2658 habentia
618 2622 729 2659 normam
755 2601 939 2674 τρεπόμενον,
964 2607 1157 2664 decantandum.
1192 2611 1258 2669 haec

157 2672 314 2736 τοοποιοίον
330 2674 484 2738 communior
501 2673 636 2743 expositio.
675 2675 739 2728 alias
761 2675 841 2728 insius
856 2675 881 2728 iu
899 2675 1081 2744 Euchologicis
1105 2679 1258 2733 rettulimus.

157 2737 276 2809 ποιητάς
299 2759 376 2811 porro
399 2741 455 2796 triv
476 2742 636 2811 τοοποιοίον
652 2744 798 2798 Authimum
817 2751 844 2798 et
861 2743 1002 2799 Timoclam
1018 2754 1144 2802 memorat
1165 2749 1257 2804 'lhan-

158 2809 258 2879 phanes
278 2817 304 2862 et
326 2811 458 2864 Cedrenus
473 2812 501 2864 in
517 2811 605 2866 Βοοοο
621 2815 646 2866 1.

226 2880 288 2932 ibid.
310 2875 390 2946 δόξα]
414 2881 504 2968 supple
528 2881 641 2950 reliquaz
672 2875 758 2964 nurui
780 2877 829 2934 nul
852 2873 909 2952 cipi
933 2877 983 2936 aul
1013 2872 1084 2955 ἁγίῳ
1109 2877 1258 2954 πνεύματι.

160 2943 353 3070 μ”ἰὲαἷνῗ
369 2946 418 3067 'ii‘
436 2945 889 3082 “iiilh1“ldh.ii”⁶vii⁰⁵⁷il
903 2947 1101 3074 imit?
1115 2949 1258 3076 ..lilla

158 3080 303 3166 decurritur
321 3027 462 3154 μολῳᾶῶΐε
486 3084 533 3138 aad
556 3101 620 3138 voce
643 3085 776 3152 continua,
804 3035 895 3156 zlihu,
919 3096 948 3142 ut
968 3089 1073 3160 scripsit
1097 3091 1257 3162 Philotheus,

157 3167 383 3218 οννγινωονεται.
460 3217 464 3229 ,

244 3240 280 3298 ἑὸ.
296 3260 321 3299 v.
340 3240 368 3304 5·
410 3259 471 3300 mos
497 3241 555 3302 iste
583 3243 726 3302 accinendi
752 3243 966 3325 imperatoribus
995 3242 1031 3310 rb
1058 3245 1259 3332 calupniatus

158 3329 189 3380 et
203 3325 372 3382 acclamandi
386 3327 430 3400 εἰς
447 3323 541 3388 πολλοὶ
558 3325 606 3406 ἔτη
622 3320 735 3389 Cuaecis
756 3329 838 3387 valde
855 3329 987 3404 frequens
1001 3333 1075 3412 fuit,
1097 3341 1129 3393 ut
1145 3337 1258 3415 saepius

159 3410 278 3486 posthac
294 3429 328 3469 ex
341 3411 453 3470 Codinc
466 3412 669 3491 intelligamus,
688 3432 770 3489 quem
786 3413 928 3490 eleganter
950 3418 1085 3482 describit¹
1105 3420 1259 3500 corippus,

158 3495 226 3552 dum
243 3496 385 3570 quomodo
403 3496 511 3556 Iustino
528 3498 632 3560 Iuniori
644 3493 696 3560 »τόΙ
709 3493 908 3578 πολυχρόνιον
921 3501 1103 3564 acclamatum
1123 3506 1177 3584 sit,
1196 3525 1259 3566 ver-

159 3579 235 3636 sibus
258 3580 398 3659 explicat,
419 3584 455 3640 de
472 3582 600 3642 laudibus
622 3582 722 3641 Iustini
745 3587 758 3644 l
782 3584 846 3646 202
868 3591 898 3642 et
914 3579 998 3665 356,
1019 3591 1118 3652 2165
1138 3596 1168 3648 et
1188 3591 1259 3655 30&

54 3679 75 3732 p
92 3682 144 3737 216
243 3663 402 3742 Nicephoro
416 3665 526 3726 Phocae
538 3667 851 3727 factasacclamationes
861 3671 985 3729 suaviter
1000 3675 1151 3734 admodum
1160 3676 1260 3734 irridet

160 3745 353 3826 Luitprandus
380 3752 409 3808 in
433 3745 574 3830 legatione
598 3773 650 3811 sua
674 3752 840 3830 Cpolitaua,
867 3754 985 3830 loquens
1018 3761 1054 3817 de
1081 3761 1261 3838 processione

161 3832 271 3892 Phocae
289 3854 323 3893 ex
340 3835 444 3912 palatio
458 3840 497 3896 ad
510 3845 636 3898 sanctam
653 3838 787 3916 Sophiam
801 3836 904 3915 (Iseon.
920 3839 1037 3904 Diacou.
1056 3865 1084 3923 p.
1104 3847 1149 3903 ed.
1166 3846 1261 3906 Bonu.

160 3919 244 3998 347).
265 3919 345 3978 multi
359 3921 484 3998 profecto
503 3924 531 3982 in
553 3925 596 3982 his
613 3922 856 3983 acclamationibus
879 3923 973 3990 πολλοὶ
998 3927 1047 4004 ἔτη
1069 3931 1262 4008 apprecabau-

160 4010 223 4079 tur,
246 4005 346 4078 quibus
357 4006 424 4062 nihil
439 4008 586 4067 iucundius
598 4013 722 4068 accidere
737 4009 876 4086 potuisset
896 4029 979 4084 quam
1000 4014 1024 4069 si
1042 4015 1195 4091 imperatur
1212 4017 1262 4077 illo

160 4088 222 4164 ipsu
238 4091 292 4166 die,
315 4090 382 4164 quin
397 4096 427 4147 ct
440 4091 486 4148 illo
497 4101 648 4170 momento,
669 4096 815 4171 repentina
831 4101 921 4174 morte
939 4099 1093 4156 exstinctus
1109 4101 1218 4159 fuisset.

245 4172 424 4244 Acclamauch
447 4193 508 4233 mos
532 4184 617 4256 vetus
640 4184 699 4254 est,
727 4175 963 4255 manavitque‘ex
988 4183 1105 4242 theatris
1132 4185 1161 4242 in
1190 4187 1265 4264 fora,

162 4255 264 4315 deinde
277 4260 361 4316 etiam
376 4258 404 4318 iu
418 4266 563 4335 senatum
583 4263 647 4348 hinc
662 4265 700 4323 ad
714 4263 935 4326 Christianorum
948 4269 1082 4343 synodos.
1103 4270 1266 4351 exemplum
