2802 4686
147 286 218 364 134
294 287 503 358 GRETSERI
519 289 575 356 ET
592 285 726 358 GOARI
740 283 1071 355 counmtnlnms

223 455 317 518 Etiam
343 453 463 524 Latinae
488 453 618 515 oruata
651 453 859 534 protonotarius
884 453 1006 512 usitatus
1032 449 1105 529 fnit,
1126 453 1176 531 qni
1204 460 1237 514 et

142 543 310 622 primicerius
327 541 513 614 notariorum
537 540 573 599 de
590 557 648 616 qno
663 538 727 598 vide
742 538 919 620 Ouupbrirnu
932 539 963 598 iu
980 535 1108 626 explieat.
1134 557 1235 598 vocum

140 629 318 688 obscuranrm
338 625 497 684 Emlesiast

227 741 361 818 Sequitur
382 739 531 816 logotheta,
561 756 645 814 quem
668 737 783 798 Nicetes
820 738 838 796 l
867 741 889 802 7
924 753 1019 795 rerum
1051 753 1071 795 a
1103 735 1236 798 Manuale

145 831 288 902 gestarum
316 824 426 886 Latinis
450 825 491 883 ait
521 841 583 882 esse
617 825 822 898 cancellarium,
854 821 904 897 qni
932 840 950 881 a
979 822 1103 881 cancellis
1134 838 1237 882 nomen

145 911 248 987 habet,
281 914 314 967 ut
347 911 439 987 ipsum
465 927 568 968 nomen
594 910 663 967 satis
686 909 798 968 indicat
840 913 898 966 erat
932 910 1027 979 naarai,
1057 907 1149 984 inquit
1179 910 1236 968 Ca-

145 995 287 1056 saubonus
308 995 337 1052 in
356 993 482 1053 Flavium
505 994 673 1072 Vopiscum,
704 1000 736 1052 ut
753 995 902 1074 principum
917 997 944 1050 et
966 995 1175 1068 magistratuum
1194 1013 1238 1052 rc-

144 1087 218 1139 creta
239 1083 291 1156 (ita
311 1086 439 1138 accurunt
459 1080 517 1138 loca
534 1081 582 1138 ubi
601 1079 633 1137 de
647 1081 760 1154 nrgotllr
772 1097 823 1158 pro
837 1080 939 1136 ratium
955 1081 1067 1136 muneris
1078 1080 1239 1156 φιλιηκιιαῖ

145 1168 294 1224 λεαιλαλκεῖ
309 1166 506 1240 conuertebant)
521 1170 551 1223 r'u
572 1164 652 1223 aditu
667 1168 753 1242 primo
772 1162 833 1223 uela
855 1168 881 1221 et
899 1161 992 1220 deinde
1009 1161 1136 1222 cancellar
1156 1164 1238 1222 labe·

144 1255 218 1308 rent:
241 1252 339 1310 &aaa
359 1250 406 1309 lor
426 1255 522 1309 uocant
540 1241 935 1332 κιγκλίδαςφδρνφᾶκιοος,
964 1252 996 1304 ut
1015 1253 1041 1308 el
1064 1247 1238 1308 Carnudorur

137 1334 304 1416 fenestratur
322 1337 430 1394 ionum.
472 1337 520 1414 pul
540 1335 599 1394 orla
623 1335 783 1409 rorabant,
802 1333 901 1391 oetam
921 1331 1005 1404 dicti,
1031 1335 1080 1411 pai
1100 1333 1239 1410 mucellos,

144 1419 306 1478 cancellarii.
346 1437 398 1478 uox
418 1438 472 1478 uon
488 1419 624 1479 admodum
639 1422 770 1498 antiquo,
794 1437 841 1477 nec
854 1415 937 1476 multo
959 1421 1021 1476 onte
1050 1417 1152 1496 Vopisci
1170 1424 1238 1477 tem·

140 1523 210 1584 pora
229 1509 317 1582 coepta
336 1508 471 1582 usurpari.
513 1505 727 1564 cancellariorum
748 1505 922 1582 praempuum
943 1520 1038 1560 manue
1059 1507 1116 1560 erat
1139 1508 1172 1560 ut
1199 1501 1239 1562 ad

144 1588 274 1648 cancellos
293 1589 425 1648 inurerent
429 1633 440 1661 ,
462 1589 633 1648 admissiones
650 1594 787 1662 cumrent,
806 1593 832 1646 et
842 1607 874 1645 ne
889 1587 955 1665 guid
971 1586 1114 1661 tumultur,
1134 1589 1239 1667 utfieri

145 1679 220 1733 amat
232 1677 262 1732 in
278 1676 373 1748 turba,
395 1673 533 1732 audiretur
544 1677 729 1752 prospicerent.
770 1671 932 1730 simillimam
949 1691 1044 1730 munur
1059 1672 1135 1730 lodie
1148 1675 1178 1731 in
1190 1692 1239 1732 cu-

146 1762 190 1818 ria
210 1777 295 1817 enum
311 1762 360 1836 qui
379 1762 486 1817 ortiorir‘
501 1753 643 1827 dimatur'r
663 1777 744 1837 quare
762 1763 794 1815 ut
808 1775 851 1826 re,
868 1759 908 1815 n'c
921 1761 947 1815 et
958 1759 1060 1815 nominc
1072 1760 1238 1832 monadum,

146 1843 217 1922 quod
233 1849 386 1920 anteponent
401 1843 431 1902 λα’
449 1845 483 1902 ab
501 1845 583 1913 ostio,
609 1843 654 1902 illi
671 1863 689 1902 a
711 1841 833 1901 cancellis
849 1845 897 1919 gui
907 1845 1030 1918 promtio
1043 1848 1128 1901 erant.
1169 1841 1239 1902 haec

147 1929 227 2004 origo
249 1929 384 2005 nominis,
416 1929 492 2004 qnod
516 1947 646 1986 successu
663 1928 796 2005 temporis
815 1925 1000 2003 amplissimae
1014 1927 1159 2002 dignitatis
1178 1933 1239 1988 tam

147 2014 178 2070 in
194 2011 308 2071 ecclesia
328 2031 412 2089 quam
431 2013 460 2070 in
483 2031 581 2090 regum
598 2019 628 2072 et
645 2013 800 2090 principum
818 2011 888 2069 aulis
904 2010 1035 2070 iudicium
1053 2029 1115 2070 esse
1138 2013 1238 2092 coepit.

147 2097 212 2155 virle
228 2098 405 2176 Onuphrium
418 2097 464 2156 lib.
482 2097 537 2158 iam
552 2099 663 2177 saepius
683 2099 786 2175 citato,
806 2103 835 2158 et
851 2094 993 2156 cuman
1006 2097 1036 2154 in
1046 2095 1187 2156 Paratitlis
1201 2099 1239 2157 ad

147 2183 194 2242 lib.
217 2185 313 2246 1cod.
328 2183 490 2242 iustinianti
502 2184 545 2243 tit
567 2185 617 2250 51.
728 2201 733 2212 “

233 2297 392 2359 Redeamus
416 2301 453 2359 ad
478 2298 667 2378 logothetam
699 2300 748 2376 qui
781 2319 799 2359 a
822 2300 960 2380 ponendis
985 2301 1239 2362 seu'discutiendis

148 2384 301 2442 rationibus
339 2375 398 2443 hoc'
419 2404 521 2444 nornen
544 2387 637 2446 traxit.
679 2385 743 2444 hinc
765 2381 898 2444 dirrurror
926 2389 1058 2445 munuum
1080 2405 1098 2446 a
1124 2387 1240 2462 quibus-

147 2469 213 2528 ‹lam
250 2465 420 2548 appellatum
451 2475 481 2528 et
514 2471 588 2528 forte
622 2488 680 2528 uon
702 2469 774 2528 male
806 2471 962 2530 rationalem
988 2471 1148 2550 vocareris,
1184 2472 1240 2533 etsi

146 2554 289 2612 rationalis
305 2554 427 2631 generali
446 2555 560 2614 notione
587 2555 676 2632 quivis
702 2562 866 2634 procurator
894 2556 1010 2633 dicitur,
1038 2562 1071 2616 ut
1096 2558 1178 2615 docet
1201 2559 1239 2617 ad

147 2635 340 2717 Lampridium
363 2645 394 2698 et
416 2639 605 2718 Capitolinum
632 2640 824 2699 Casaubonus.
865 2641 916 2699 sed
935 2641 974 2699 nil
989 2647 1066 2700 vetat
1082 2641 1240 2718 generalem

147 2725 291 2784 notionem
317 2725 501 2803 restringere,
532 2727 695 2805 praesertim
724 2746 788 2784 cum
809 2725 936 2785 Collinas
968 2726 1043 2786 dicat
1066 2726 1241 2804 logothetam

148 2827 210 2866 esse
232 2811 276 2884 sig
296 2807 331 2872 τδ
346 2814 558 2890 λογογραφεῖν,
586 2812 624 2872 ad
645 2802 819 2890 conficiendas
839 2816 865 2869 et
883 2811 1034 2870 rcrlbmdur
1051 2817 1077 2870 et
1093 2812 1242 2873 discutim-

149 2893 200 2951 dar
217 2899 340 2954 rationes.
383 2895 446 2952 talis
461 2895 587 2972 profecto
606 2914 657 2955 nec
677 2895 749 2954 male
768 2915 820 2954 nec
844 2896 965 2955 absurde
983 2897 1125 2957 rationalis
1143 2897 1241 2976 appel-

149 2977 260 3037 labitur.
300 2977 366 3036 hinc
392 2979 477 3037 etiam
498 2999 555 3038 non
573 2980 668 3057 inepte
690 2981 875 3059 appellabitur
898 2976 1102 3062 λογογράφοςτ
1126 2982 1241 3042 sienim

149 3064 208 3121 eius
226 3067 271 3120 est
293 3065 503 3143 λογογραφεῖν,
534 3084 583 3122 cur
602 3085 660 3123 non
678 3061 758 3144 ιιαριῖ
779 3061 813 3128 νδ
837 3071 1035 3147 λογογραφεῖν
1054 3067 1242 3146 appellaretur

150 3142 360 3229 loyoypoioog?
400 3167 459 3206 non
483 3149 596 3226 ignarus
616 3170 679 3208 sum
705 3150 772 3226 quid
796 3151 826 3209 in
846 3151 1241 3216 codicelustinianeolib.10

149 3231 206 3296 1.1
229 3234 266 3292 de
288 3231 468 3312 logograpluis
494 3236 675 3312 decernatur,
714 3242 743 3295 et
769 3237 836 3310 quid
862 3238 900 3294 ad
922 3235 997 3295 illam
1024 3255 1137 3312 quoquc
1150 3237 1242 3316 legem

150 3318 246 3376 tradat
275 3318 417 3376 Cuiacius:
446 3318 572 3378 aeduos
601 3320 844 3380 ecclesiasticarum
870 3322 1007 3380 duntaxat
1023 3321 1243 3400 appellationum

150 3403 206 3462 rim
228 3409 258 3462 et
277 3404 412 3482 originem
426 3405 481 3465 hoc
495 3403 557 3464 loco
576 3405 741 3484 indagamus
759 3413 789 3466 et
804 3427 856 3484 pro
869 3407 971 3466 viribus
986 3405 1162 3486 explicamus.

222 3534 248 3586 p.
266 3518 284 3573 4
299 3535 327 3571 v.
340 3519 381 3573 14.
403 3513 595 3588 δλογοδὲιης]
622 3520 686 3573 haec
704 3520 737 3574 de
753 3519 798 3574 illo
813 3519 954 3574 llatianar
974 3514 990 3574 δ
1003 3516 1156 3590 lugubrium
1169 3517 1243 3574 ὑπο·

151 3587 271 3692 κρατεῖογ
282 3581 335 3654 τὴν
354 3587 475 3672 βοῇλλαν
489 3588 541 3672 pori
553 3582 720 3674 ‘degustatum
742 3587 791 3641 καλ
806 3589 839 3672 pl
848 3608 876 3642 τι
890 3582 927 3642 οἷν
945 3585 1073 3658 γραῖφειδ
1091 3586 1243 3674 daztumir,

152 3671 329 3776 ilibi‘iii
339 3654 870 3796 'tlttitiant‘'‘ttltiilltlll
878 3655 1245 3796 ltii’tlll'ltt‘tt

151 3787 234 3860 εῖγῖου
245 3787 401 3856 ἅνειδοῖροο
412 3789 443 3846 ἐν
453 3794 488 3864 τῇ
499 3789 644 3864 ἐκκλησίᾳ,
662 3791 810 3862 διδομένου
822 3795 873 3848 rori
889 3797 1081 3850 uuruuluorori
1097 3792 1176 3864 καροῖ
1192 3795 1245 3850 rori

153 3856 309 3930 αργιερέσις.
345 3863 420 3930 quale
430 3863 589 3931 patriarchae
599 3864 705 3932 sigillum
717 3872 744 3917 at
753 3863 835 3934 qualia
846 3865 923 3918 luerit
933 3866 988 3918 eius
1000 3865 1163 3936 subscriptio,
1179 3865 1245 3918 baec

153 3931 209 3984 loca
220 3925 250 3983 lu
262 3931 318 3984 σοῖν
329 3928 500 3999 σημειώσεων
510 3930 558 3984 καὶ
569 3932 719 3998 σογιλλιίον,
733 3925 768 3986 ἐκ
782 3935 891 4000 publicis
901 3936 1078 3988 instrumentis
1089 3943 1115 3988 et
1126 3936 1244 3988 menibus

152 4003 296 4070 sigillatis,
315 4000 487 4054 demonstrant
505 4000 570 4054 luris
585 4002 637 4054 Gn
648 4019 674 4070 p.
687 4003 755 4056 aas:
776 3998 815 4063 ale
825 4001 930 4070 εἴδησιν
940 3997 996 4072 εἶχε
1005 3999 1037 4056 ari
1045 4001 1113 4072 μηνὶ
1125 3998 1244 4074 Ἰοννίῳ,

151 4063 333 4138 ἔπινεμήσειος
343 4065 482 4138 πέμπτης,
497 4064 544 4122 διδ
565 4071 615 4137 τῆς
632 4072 830 4140 πανηιοιργικῆς
848 4069 896 4124 κοιλ
911 4071 993 4134 θείοις
1013 4071 1113 4154 garnie.
1147 4067 1245 4143 αλπηοῖ·

154 4157 222 4206 ρηιο
235 4137 266 4194 δὲ
276 4138 323 4192 καλ
333 4135 463 4192 κάτωθεν
475 4137 620 4223 μολιβδῖνη
633 4140 751 4209 βοῦλλα,
771 4135 872 4208 ἔχουσα
884 4132 916 4193 ἒν
929 4135 981 4207 μὲν
992 4157 1030 4208 τῳ
1043 4133 1085 4194 tu
1103 4134 1245 4209 piencuria

152 4203 307 4278 διιεροιγίαν
318 4204 457 4264 δεοεὸκον
468 4211 608 4273 mutuatur
626 4204 768 4276 φέρουσαν
783 4204 832 4262 triv
848 4205 1036 4277 utplurimum
1052 4204 1161 4277 Ἰησοῦν
1176 4211 1246 4276 Χρε-

153 4273 236 4347 uria,
256 4274 287 4334 ἐν
301 4274 333 4334 δὲ
347 4281 385 4353 τῷ
401 4271 484 4352 ἑτέρῳ
496 4278 643 4348 γράμματα
663 4277 752 4334 ταῦτα
768 4272 930 4349 “rrouootu
946 4271 1012 4349 ἐλέῳ
1029 4278 1102 4332 θεοῦ
1118 4272 1246 4350 tinguant·
1313 4351 1317 4360 ι
