2822 4684
517 303 562 370 ΙΝ
581 301 730 371 coum}
757 301 842 372 GdP.
873 301 931 372 lli.
1205 307 1280 378 291

178 467 280 523 mirmur
297 466 324 520 ln
341 465 396 521 elus
412 464 468 519 vite
484 465 607 520 narrauit
624 465 740 536 “eeqne,
756 480 807 536 qna
823 462 962 538 descripsi,
980 461 1064 536 agric
1080 462 1208 522 sadduco
1217 461 1283 522 die-

177 536 324 608 μάρμαρον
348 537 485 604 Gregorae
502 542 529 589 et
552 533 719 603 Cbnlcondyli
745 537 856 589 nonnulli
880 537 942 589 editi
965 537 1068 590 codices
1091 537 1281 592 demonstrent:

176 606 331 676 eademque,
355 606 377 660 si
402 621 556 674 gemmarum
580 604 704 673 grandine
727 612 971 674 conspergerentur,
994 605 1115 659 usitatum
1131 605 1179 658 sibi
1195 623 1283 676 καμη-

175 671 290 762 λμύιιιον
308 673 403 759 Graeci
419 675 577 756 recentiores
596 679 829 756 repraesentarunt,
847 682 874 726 et
887 692 943 726 cum
960 675 1040 728 Suide
1056 671 1193 760 σκιάδιον,
1212 671 1281 740 ὅπερ
1327 741 1329 746 ¹

175 742 1234 883 tlttttltttttt‘lt'ttbllituttttltlttbnltllttt‘
1249 752 1283 866 ll

175 884 305 953 proprium
324 883 372 934 sibi
391 883 478 934 iecere
494 879 592 949 posteri
609 881 768 932 Graecorum
786 881 913 950 principes
930 879 1057 952 σκιάδιον
1080 877 1282 952 ὃίομοὶρμαρον,

175 969 227 1020 quo
245 953 415 1034 imperatores
431 951 501 1020 ipsos
518 965 697 1018 nonnunquam
716 950 847 1002 redimitos
867 951 893 1003 in
911 951 1018 1020 picturis
1039 955 1067 1003 ct
1090 951 1282 1006 numismatibus

174 1038 235 1072 cous
254 1021 325 1072 iores.
360 1029 388 1072 et
413 1019 528 1072 diadema
551 1035 602 1069 nen
629 1019 774 1071 absimilea
794 1019 963 1072 constentino
981 1021 1109 1073 inventum
1126 1021 1153 1073 in
1171 1022 1208 1073 bis
1226 1022 1280 1073 Ce-

173 1089 245 1142 dreur
261 1087 347 1140 verbis
365 1087 513 1140 annotabis:
540 1084 608 1154 quel
635 1083 667 1140 δὲ
694 1081 782 1142 αὐτον
805 1089 917 1155 πρῶτον
940 1085 1054 1142 πάντων
1072 1089 1127 1142 τῶν
1146 1088 1281 1160 βασιλέων

174 1154 329 1225 διαδήματι
344 1153 503 1226 χρήσασθαι
519 1153 569 1211 acl
584 1155 766 1226 μαργαρίταις
782 1156 829 1210 καὶ
846 1152 941 1221 ἄλλοις
957 1157 1051 1221 λίθοις
1066 1156 1279 1230 περιεργότερον

172 1226 363 1296 κοσμηθῆναι.

256 1341 310 1400 A&
322 1339 422 1399 cu'cdic'
433 1359 483 1398 seu
495 1339 560 1418 pilei
573 1345 617 1397 est
631 1337 733 1415 umbo,
756 1337 802 1398 dcc
819 1344 912 1398 stunc.
954 1337 1051 1398 Iunius
1071 1337 1177 1417 ubique
1194 1341 1280 1402 vertit

172 1424 283 1505 replum.
308 1425 389 1486 aliam
412 1426 526 1505 insuper
540 1425 683 1485 notionem
696 1423 783 1483 hebet
802 1421 821 1487 c‘
841 1417 919 1506 cr'q'pr
939 1425 1078 1502 significat
1096 1429 1170 1485 enim
1185 1427 1277 1486 velum
1294 1439 1299 1450 ’

158 1531 222 1590 ,seu
243 1518 454 1590 tegumentum,
480 1529 538 1586 quo
561 1515 660 1568 sancta
681 1516 824 1586 teguntur.
845 1509 959 1588 liturgia
977 1511 1008 1568 S.
1029 1510 1238 1592 chrysostomi:
1261 1511 1279 1578 ὁ
1356 1551 1362 1568 .

171 1594 205 1660 δὲ
222 1593 320 1677 ίεροτίς
334 1593 409 1677 daeg
423 1591 477 1659 cdv
492 1591 566 1678 οἷὲρα
579 1595 732 1675 ἐπιτίθησι
746 1599 790 1678 τῷ
803 1589 949 1680 deserendi
966 1591 1038 1678 α’ίμφ
1051 1601 1106 1659 τοῦ
1121 1592 1274 1662 διακόνου.

173 1677 236 1744 εἶτα
254 1675 418 1760 α’ποτίθησι
433 1677 470 1742 coi
483 1675 660 1758 καλύμματα
677 1679 695 1743 o‘
714 1675 812 1759 ἱερεύς
830 1674 891 1743 cirrd
912 1683 967 1742 rori
988 1679 1077 1782 ciplcu
1099 1683 1203 1746 δίσκον
1222 1685 1274 1746 καὶ

171 1769 227 1830 cod
242 1765 329 1846 ἁγίου
345 1767 508 1844 ποτηρίου,
528 1760 583 1826 τὸν
594 1761 628 1826 di
642 1759 716 1846 α’ἑρα
730 1763 832 1844 λαβών
847 1759 908 1826 circd
922 1769 984 1826 'reio
998 1761 1091 1845 ια’μων
1103 1773 1158 1830 τοῦ
1172 1766 1274 1832 διακό-

170 1873 229 1914 νου
239 1849 291 1912 cul
307 1842 562 1931 θυμιασαςαῦτόν
575 1841 762 1924 ἒπισκεπαὶζιι
778 1849 810 1910 dl
827 1843 921 1912 edred
933 1843 971 1912 rci
986 1845 1066 1932 ἅγια.

239 1972 302 2026 ibid.
339 1974 424 2025 aerem
442 1971 484 2024 bic
508 1971 645 2026 verberent
669 1976 696 2024 et
718 1976 811 2024 ventes
833 1978 975 2042 sequuntur
999 1989 1055 2026 curn
1077 1971 1204 2044 biennio,
1229 1975 1273 2046 qni

144 2071 148 2076 -
170 2035 243 2109 οἷέροι
265 2042 400 2096 sudarium
423 2042 595 2124 liturgicum,
616 2041 686 2124 pilei
708 2041 840 2092 umbonem
865 2041 907 2093 vel
935 2043 1035 2110 replum
1062 2041 1274 2112 interpretantur.

169 2127 269 2166 sensum
286 2118 438 2180 assequetur
456 2127 499 2179 qm
518 2109 658 2162 doctissimi
675 2108 762 2161 Alletii
779 2116 888 2162 mentem
906 2118 1039 2180 sequetur,
1060 2118 1087 2164 et
1105 2128 1138 2164 ex
1156 2129 1196 2178 eo,
1214 2114 1274 2166 mibi

170 2180 289 2235 rescribit
304 2181 364 2248 ille,
389 2179 456 2249 quod
480 2179 602 2249 despotae
617 2195 708 2230 nomeu
725 2186 858 2230 exaratum
874 2179 960 2246 gerit,
983 2175 1054 2248 ἀέρα
1071 2180 1198 2234 meretoc
1215 2185 1272 2234 cin-

170 2252 279 2320 gulum,
296 2266 389 2302 zonam
405 2265 451 2302 eeu
469 2249 562 2302 uittam
582 2249 691 2300 frontem
708 2246 825 2317 proxime
842 2249 1011 2315 ambientem,
1027 2251 1127 2305 referre
1144 2251 1272 2307 coniiciet.

169 2319 310 2384 rationem,
327 2317 349 2374 sl
365 2317 481 2370 errisura
494 2315 528 2370 sit
543 2316 665 2380 incertus,
683 2318 820 2386 proferam.
856 2321 901 2371 adr
917 2317 1057 2387 liturgicus.
1074 2319 1095 2372 ei
1116 2319 1271 2374 Germanum

170 2388 342 2460 patriercham
359 2386 492 2440 docentem
509 2385 612 2456 audies,
639 2385 723 2438 velum
747 2386 829 2438 maius
845 2393 886 2439 est
902 2388 982 2440 sacris
999 2387 1072 2440 donis
1089 2388 1115 2440 in
1132 2389 1208 2442 altari
1226 2407 1273 2451 au-

166 2458 465 2580 tttttt’dltt
484 2455 584 2576 ‘lut‘
607 2455 1273 2586 :llil’ss.tt⁰„:⁵'tt⁰.¹t‘l⁶'trdtl⁰ilt‘’

170 2543 352 2664 composituri,
372 2541 502 2662 {cccciii
519 2540 791 2662 capirtpcoiloneturum
809 2543 915 2665 eiiiique
932 2544 1087 2668 nomeirgper
1104 2596 1218 2650 universi
1235 2597 1269 2652 fi-

160 2667 214 2717 'nes
231 2665 424 2732 circumquaque
440 2673 604 2732 sparsurum
619 2664 734 2732 quemvis
751 2661 838 2716 eedem
855 2680 952 2717 vocer
984 2667 1037 2718 lum
1054 2665 1116 2718 illud
1134 2665 1160 2718 in
1176 2666 1271 2736 despo-

168 2739 212 2785 tee
229 2733 295 2802 pilec
312 2733 424 2785 anterius
441 2732 601 2801 prominens,
626 2739 702 2802 prout
718 2732 832 2784 iconibus
850 2733 950 2785 concilii
991 2734 1111 2788 lorentini
1129 2741 1186 2788 acta
1206 2751 1271 2787 ncn-

168 2802 238 2856 uulla
261 2800 514 2872 repraesentantibus
542 2817 637 2871 ceper
651 2802 731 2854 hocce
749 2817 814 2886 opes
831 2802 885 2870 (ed.
903 2802 1019 2875 Luper.)
1034 2803 1134 2876 sparsis
1151 2819 1185 2858 ex
1201 2804 1269 2858 enti·

168 2872 224 2941 quis
241 2871 428 2942 exemplaribus
444 2871 572 2940 pingitur,
588 2869 735 2924 addubitem
751 2870 899 2940 significari.

251 3005 280 3064 p.
298 2989 337 3049 13
350 3006 377 3046 v.
393 2989 421 3050 8.
442 2979 700 3068 χρυσοκλαβαρικό
703 2985 730 3062 ν]
750 2983 846 3042 Iunius
861 2985 948 3044 ethic
964 2991 993 3044 et
1009 2985 1074 3044 alibi
1084 2987 1196 3064 saepius
1208 2987 1267 3047 edit

168 3067 440 3151 χροσοτλαδοίριιια,
463 3078 493 3130 et
514 3091 611 3130 curcur
628 3071 751 3147 virgulas
771 3072 980 3149 interpretatur.
1006 3073 1058 3130 sed
1073 3071 1155 3130 lectio
1170 3078 1268 3132 nostra

167 3162 316 3214 recteest:
333 3175 398 3214 nem
411 3157 664 3234 cdryroclcocricum
674 3155 749 3214 idem
764 3157 899 3232 estquod
917 3157 1104 3235 chrysocluour
1117 3176 1168 3215 seu
1186 3159 1268 3234 chry-

167 3240 341 3317 soclevetae,
359 3261 414 3300 vox
430 3240 581 3300 Anastasio
603 3239 818 3300 Bibliothecerio
835 3243 864 3299 iu
887 3242 1065 3319 pontificibus
1083 3243 1167 3300 toties
1185 3263 1267 3302 usur-

168 3331 251 3406 peta3
272 3325 316 3384 vel
330 3327 354 3382 si
367 3345 443 3384 mere
455 3324 587 3384 Latinum
600 3326 749 3384 dictionem
765 3325 851 3403 velis,
873 3327 1027 3386 curr'clcuuc
1044 3345 1094 3385 seu
1112 3327 1267 3388 camelauc-

168 3419 221 3470 ιτα.
242 3418 323 3470 orent
337 3411 409 3470 eluci
423 3416 500 3470 curci
518 3411 547 3470 in
557 3410 682 3470 vestibus
698 3418 844 3488 segmenta
861 3412 999 3486 quaedem
1018 3413 1048 3471 in
1071 3414 1189 3472 formam
1210 3414 1266 3473 cla-

166 3516 265 3556 vorum
280 3497 389 3574 efficta,
410 3503 525 3556 ornatus
540 3497 632 3574 gratia
643 3497 768 3554 vestibus
782 3498 899 3555 adiecta.

234 3619 300 3671 ibid.
332 3617 368 3672 ait
389 3618 453 3671 idem
479 3618 540 3672 lieet
561 3613 815 3688 χροοοκίαβοιριιιόν
832 3619 900 3690 qaod
920 3619 1102 3688 chrysocleouc
1122 3620 1165 3673 vel
1188 3621 1265 3689 clerg-

167 3688 328 3755 eoclnuctue,
355 3705 405 3740 vox
422 3689 558 3740 Anastasio
577 3687 772 3742 bibliothecario
789 3688 816 3740 in
833 3689 996 3758 pontificibus
1013 3689 1139 3744 multoties
1156 3707 1265 3760 usurpa-

167 3768 208 3811 te:
232 3775 288 3809 cum
312 3757 364 3809 elia
386 3765 470 3810 tamen
494 3774 562 3810 mere
588 3757 682 3808 Latina
705 3757 815 3810 dictione
840 3759 991 3812 nuciclcvue
1009 3775 1056 3810 seu
1074 3760 1264 3822 cumulabatur,

167 3843 228 3909 '⁰⁹⁰
247 3826 360 3947 ‘iil‘
374 3825 474 3910 *³9³⁹*
495 3825 634 3948 “llud'‘
653 3843 741 3948 “lt
758 3827 1263 3948 ttulit:ttt‘t‘ttl‘rzll

167 3913 229 4029 gqqrp
246 3913 591 4032 itiir'ittuimgielieviistibue
608 3911 722 4016 affirm
740 3913 1009 4035 Ἷχριιοοκλαβαρῗκόί
1022 3982 1085 4018 vero
1097 3914 1160 4016 irad:
1172 3927 1264 4018 clavo:

167 4042 224 4086 tum
240 4034 314 4086 modo
333 4033 378 4086 sed
404 4034 517 4099 varium,
540 4040 568 4086 et
590 4033 757 4102 quodcunque
780 4050 845 4104 npue
870 4043 911 4088 est
933 4035 983 4087 filis
1007 4034 1091 4088 aureis
1115 4033 1264 4102 phrygionis

166 4103 259 4155 orteia
277 4103 390 4187 subiecto
407 4104 489 4156 serico
507 4103 550 4154 vel
585 4119 650 4154 anno
667 4103 750 4156 ductis
767 4103 913 4188 depictumq
930 4105 998 4156 unde
1015 4102 1182 4188 phrygionem
1197 4119 1263 4186 χριμ-

165 4171 385 4242 οοιιίαβαριστην
410 4173 452 4226 vel
477 4189 532 4225 curn
576 4171 716 4240 'beopbane
738 4174 978 4243 χροσοκλαβαριον
1000 4173 1148 4252 (ανηφθιμ,
1171 4180 1264 4240 rnqurt,

57 4293 63 4304 ,
164 4235 246 4308 μέρος
262 4243 313 4294 τοῦ
328 4240 561 4310 ἐργοδοσίοατῶν
577 4241 835 4312 χροσοιιλαβαρίων,
857 4244 1033 4324 phrygionem
1058 4241 1181 4308 officinae
1200 4257 1264 4309 pore

165 4311 296 4365 combusta
321 4313 373 4380 eet)
394 4312 525 4368 neoterica
549 4311 663 4365 Graecis
690 4318 776 4367 vocat.
822 4321 963 4366 correctum
987 4319 1071 4364 tamen
1094 4323 1151 4361 cum
1173 4310 1265 4379 Regiis
