2744 4690
90 341 95 348 .
161 276 238 352 aaa
324 271 534 348 anensem
549 271 604 340 nr
622 269 755 342 cosm
772 265 1109 338 corrnmnmnms
1195 243 1202 252 '

157 444 214 504 tuit
225 439 402 523 Nicephorius
415 438 569 516 Callistus,
589 441 623 496 ut
637 441 750 497 constat
766 453 801 494 ex
821 433 839 494 l.
857 433 895 500 15
911 433 1044 494 historiae
1058 433 1286 496 emlesiasticae

158 547 183 591 c.
198 528 239 594 25
257 535 287 588 et
302 533 359 601 263
383 527 432 603 qui
446 527 483 585 de
495 523 633 582 miraculis
647 523 686 580 ad
700 524 807 581 fontem
826 519 909 579 editis
922 521 1063 598 integrum
1076 541 1110 580 se
1124 539 1284 582 commen-

157 615 260 674 tarium
278 612 424 692 scripsisse
445 611 521 670 dicit.
539 613 635 668 exstat
653 607 778 667 Viennae
800 607 832 664 in
853 605 993 665 Caesarea
1014 606 1190 666 bibliotheca
1212 607 1283 666 sor-

159 701 243 760 tassis
263 698 375 758 urdcum
396 696 489 758 :totius
515 693 647 773 Europae
673 692 828 770 exemplam
856 691 901 750 eui
924 691 979 750 nisi
1001 691 1058 751 cito
1085 697 1281 752 succurratur

158 783 230 866 (vidi
246 786 321 843 enim
334 788 364 841 et
375 781 497 860 percurri
508 779 624 840 allatum
637 777 816 838 Monachium
830 781 860 836 et
880 775 935 836 huc
956 775 1193 857 lngolstadium),
1219 795 1279 859 pe-

158 871 236 930 nitus
256 889 274 928 a
292 867 390 932 blattis
414 867 554 942 lineisque
574 865 753 937 corrodetur3
783 868 814 921 et
831 862 889 920 iam
908 881 984 921 nunc
1002 861 1110 939 aliquot
1135 863 1206 921 locis
1235 863 1276 922 ab

159 955 242 1030 aquis
257 953 377 1032 pessime
388 957 534 1034 acceptum
547 955 611 1031 est,
630 950 671 1010 ita
692 954 724 1010 ut
741 947 829 1013 multa
843 947 899 1026 legi
918 953 1078 1029 nequeant,
1098 949 1276 1030 praesertim

160 1041 215 1102 sub
235 1039 327 1100 finem.

249 1138 296 1199 Ad
320 1140 375 1199 hoc
394 1137 530 1218 templum
561 1136 675 1198 divertit
702 1153 815 1214 quoque
846 1135 956 1196 Helena
983 1135 1177 1196 Cantacuzeni
1200 1132 1274 1212 filia,

163 1231 288 1306 nuptura
311 1225 410 1286 Ioanni
429 1223 606 1302 Palaeologo.
625 1241 684 1281 rem
709 1228 806 1281 narrat
819 1223 881 1301 ipse
901 1217 1152 1284 Canaenzenust
1175 1221 1201 1283 1.

236 1338 301 1393 ibid.
336 1337 407 1390 urbis
425 1337 469 1390 GP
491 1337 554 1390 situs
576 1335 740 1406 triangularis
757 1343 812 1404 est3
834 1338 939 1420 eiusque
960 1333 1044 1390 latera
1065 1336 1115 1389 duo
1138 1336 1274 1389 alluuntur

167 1408 248 1474 mari,
278 1407 383 1468 tertium
410 1406 549 1460 continenti
576 1407 731 1460 obtenditur.
766 1405 797 1458 ad
819 1423 874 1458 eam
895 1413 982 1476 utaque
1008 1405 1146 1460 adveniens
1174 1405 1273 1458 itinere

83 1513 90 1524 -
168 1476 288 1532 terrestri
297 1475 444 1546 imperabis
456 1475 488 1527 ad
501 1477 596 1544 Pegem
612 1475 744 1528 ecclesiam
762 1474 950 1528 saleberrima'm
970 1479 996 1528 et
1013 1475 1109 1543 regium
1128 1472 1202 1526 simul
1215 1480 1275 1544 'pa-

167 1547 270 1610 ladum,
291 1561 344 1614 qua
362 1544 531 1597 continentem
552 1544 658 1614 respicit
676 1544 752 1609 urbs,
773 1543 871 1596 desilitr
894 1544 932 1596 sin
957 1544 1021 1596 muri
1041 1543 1174 1612 appellet,
1198 1543 1272 1596 circe

167 1615 326 1670 Blacheraas
341 1612 397 1666 loco
414 1621 504 1684 portus
522 1611 740 1677 commodissimo,
755 1613 800 1666 ubi
818 1612 885 1666 aliud
905 1613 1090 1666 Blachernense
1106 1612 1201 1666 dictum
1219 1626 1273 1682 pa-

167 1683 273 1749 latium,
297 1689 390 1734 terram
409 1682 511 1734 salutat.
536 1683 659 1736 ecclesiae
683 1698 760 1750 porro
783 1677 881 1752 Πηγῆς
900 1700 991 1735 nomen
1015 1688 1058 1735 est
1078 1697 1095 1734 a
1116 1686 1194 1750 fosete
1217 1697 1272 1736 non

168 1753 249 1806 minus
267 1751 386 1804 condnuo
404 1749 577 1804 miraculorum
614 1750 721 1804 rolleno
742 1765 818 1820 quam
834 1751 989 1820 perennibus
1008 1749 1082 1820 aquis
1102 1751 1271 1812 exuberante.

168 1822 203 1876 ad
215 1820 341 1874 salutares
353 1819 408 1872 eius
420 1835 500 1890 aquus
516 1819 538 1872 si
549 1837 566 1872 a
606 1821 724 1885 arclano,
746 1819 789 1888 qui
803 1820 961 1888 postmodum
979 1816 1120 1874 Romanum
1137 1815 1272 1904 imperium

167 1889 292 1954 obtinuit,
314 1889 473 1955 deferretur,
496 1888 580 1942 lumen
601 1889 729 1942 oculorum
754 1895 964 1958 recuperaturum
984 1905 1076 1946 caecas
1095 1906 1142 1957 per
1157 1884 1272 1942 durinsm

167 1959 292 2013 visionem
316 1964 356 2011 est
379 1957 495 2014 monitus.
524 1953 582 2010 tulit
602 1954 643 2019 εἰς
664 1951 717 2026 τὴν
733 1952 833 2026 Πηγὴν
860 1957 976 2012 Macrian
1022 1957 1150 2026 haecum,
1176 1974 1272 2010 casem

67 2055 69 2064 ‹
166 2028 250 2082 visum
264 2045 297 2080 ex
314 2024 388 2095 aquis
403 2025 513 2080 rettulit.
535 2026 609 2090 inde,
629 2025 665 2080 ait
681 2025 816 2079 Menaeum
828 2027 945 2080 Graecor
996 2067 1003 2090 ,
1023 2026 1201 2080 miraculorum
1219 2027 1273 2095 τῆς

167 2097 266 2170 Πηγῆς
285 2095 358 2180 origo
371 2101 398 2148 et
409 2093 598 2149 celeberrimum
608 2095 666 2148 loce
681 2111 772 2148 nomen
789 2096 898 2148 lectum:
921 2088 953 2149 lv
969 2095 1011 2167 spi
1025 2093 1130 2164 τεμένει
1147 2089 1166 2164 ἡ
1185 2095 1270 2163 lippet

167 2159 241 2221 ἔστιν
261 2157 402 2231 ἄφθονον
422 2159 562 2232 ἰαμάτων,
585 2165 611 2216 ln
632 2165 727 2234 templo
745 2162 800 2246 ipso
817 2180 868 2217 non
886 2164 950 2220 adeo
969 2167 1026 2220 fons
1040 2183 1115 2235 quam
1131 2165 1271 2217 miraculo-

168 2251 226 2288 rum
250 2235 359 2286 uhertim
380 2233 565 2286 decurrentium
583 2231 652 2286 latex
677 2237 796 2318 emergit,
819 2233 856 2286 ait
874 2233 1078 2288 Canmcuzenus.
1113 2234 1271 2288 lastinianus

85 2339 87 2345 ·
172 2300 238 2358 fonti
254 2302 375 2372 templum
394 2302 577 2372 superstruxitr
604 2291 657 2370 τὴν
676 2303 815 2356 decresse
841 2292 941 2372 Πηγὴν
959 2298 1155 2365 Ἰονστινιανὸς
1171 2299 1269 2369 ἔκτισε,

168 2371 281 2426 scribunt
297 2363 419 2440 Origihes
437 2371 491 2425 ΟΡ.
515 2375 601 2424 exstat
615 2370 699 2423 adhuc
712 2371 796 2436 locus,
813 2369 965 2424 Christianis
980 2373 1125 2442 Tureisque
1142 2388 1269 2424 veneran-

166 2441 231 2504 dus,
253 2439 373 2509 quodque
383 2443 501 2509 superest
510 2440 630 2510 templum
642 2439 710 2492 nuhs
720 2439 793 2492 ruins
804 2439 950 2506 foedatum,
972 2433 1125 2510 antiquitate
1144 2459 1195 2494 non
1214 2457 1268 2492 me-

167 2508 227 2562 diae
239 2508 424 2574 venerandum,
435 2509 469 2560 ob
486 2508 597 2580 pretium
609 2525 682 2563 omne
692 2513 841 2580 superantes
850 2525 944 2579 aquas,
962 2525 978 2564 a
994 2511 1070 2582 plebe
1085 2509 1270 2581 Χρυσοπηγῆς

169 2577 274 2648 accepit
283 2577 490 2648 appellationem.

256 2685 285 2746 p.
298 2667 358 2732 107
376 2685 404 2725 v.
417 2664 464 2730 14.
492 2663 529 2726 de
548 2663 654 2749 templo
666 2665 882 2730 Blachernarum
902 2687 954 2728 suo
976 2668 1039 2728 loco
1061 2669 1188 2729 diximum.
1209 2674 1269 2728 erat

169 2757 201 2834 et
222 2751 316 2832 ipsum
339 2757 428 2810 extra,
443 2749 539 2812 urbem
558 2753 596 2812 ad
615 2755 694 2813 littus
717 2755 818 2830 maris,
839 2755 875 2813 de
898 2773 955 2830 qno
978 2754 1067 2814 multa
1094 2755 1268 2834 Nicephorus

169 2836 233 2896 loco
256 2837 351 2896 citato.
372 2837 509 2916 principio
535 2839 641 2918 templa
665 2838 839 2898 solummodo
862 2845 957 2912 erant3
984 2851 1114 2899 successu
1137 2841 1269 2919 temporis

171 2919 349 2981 accesserunt
368 2921 593 3000 splendidissima
613 2921 727 3004 palatia
752 2927 893 2999 quomodo
917 2932 1033 3005 excepta
1053 2926 1138 2985 inerit
1157 2927 1193 2986 ab
1210 2925 1268 2983 An-

174 3007 290 3072 dronico
306 3005 413 3065 imiore
426 3024 533 3084 sponso
547 3005 632 3068 Anna
651 3009 800 3086 Sabauda‚
819 3007 898 3087 legas
918 3012 995 3092 apud
1017 3011 1172 3071 Cantacuz.
1187 3016 1203 3074 1
1220 3011 1268 3073 42.

240 3136 272 3242 p·
286 3119 335 3174 108
347 3135 373 3202 y.
388 3117 412 3172 1.
434 3113 568 3202 'fitilf’lv
585 3113 749 3192 ᾆκρόπολιν]
772 3123 896 3208 ιᾱοιῖὼίε
912 3143 968 3210 eum
984 3126 1111 3210 angulum·
1123 3125 1168 3210 qui
1187 3125 1270 3190 Chry-

174 3205 240 3259 sepu
261 3205 283 3242 m
296 3187 415 3258 oppedum
428 3187 567 3242 Asiaticum
578 3207 611 3243 ex
628 3191 735 3246 adverso
752 3200 869 3264 respecta
886 3195 929 3248 ubr
943 3191 1017 3250 hadre
1029 3213 1153 3266 pnncrprs
1168 3193 1271 3248 Turra-

175 3275 232 3314 rum
249 3257 333 3328 regis.
356 3257 446 3326 vulgus
466 3253 565 3327 κέρας,
585 3277 664 3316 corna
683 3267 770 3317 vocat.

243 3361 280 3417 ib.
298 3377 326 3416 r.
348 3360 375 3418 5.
400 3353 619 3431 dorovernensis]
646 3357 1104 3434 legendumomninooipposrwooirs
1127 3359 1269 3452 nipparena·

174 3425 242 3491 stole
253 3429 319 3482 enim
329 3447 378 3483 nec
389 3445 450 3483 usus
460 3447 509 3483 nec
526 3431 608 3486 lexica
621 3449 669 3486 nec
688 3433 828 3487 auctoritas
846 3433 929 3492 docet.
950 3441 991 3488 est
1008 3442 1093 3488 autem
1108 3430 1271 3505 ἀρχοντισσα

174 3499 295 3566 mine,
309 3500 413 3566 femina
429 3499 531 3553 eotttts.
566 3501 654 3554 Simon
674 3501 778 3554 Pontius
800 3499 983 3590 despicantes,
1002 3503 1153 3572 δέσποινα,
1175 3500 1271 3556 deonti-

173 3583 234 3634 τις,
257 3567 358 3650 μυρία.
385 3567 455 3620 inter
482 3569 634 3640 praecipuas
665 3571 804 3624 huiusmodi
831 3573 1009 3641 αρχοντίσσας
1039 3573 1174 3628 cedrenus
1195 3573 1269 3625 habet

174 3635 295 3704 ζωστας,
314 3651 379 3704 quaa
393 3635 558 3706 patriciorum
578 3639 679 3708 cingulo
696 3646 723 3693 et
738 3641 840 3696 honoris
858 3641 950 3710 insigni
966 3647 1110 3696 uterentur.

243 3736 309 3790 ibid.
343 3731 497 3792 toramen
515 3733 604 3810 αὐτὴν
622 3734 658 3794 eci
676 3734 797 3812 ἐρυθρά]
821 3743 971 3800 conminus
991 3743 1070 3816 capiti
1089 3759 1184 3797 aurona
1199 3757 1267 3811 quarn

172 3803 253 3860 rubra
278 3805 452 3889 calceamenta
474 3809 579 3861 luerunt
601 3809 708 3881 pedibus
730 3812 763 3864 im
783 3818 911 3865 erutorum
928 3813 1047 3882 insignia.
1078 3813 1222 3882 logotheta
1240 3811 1269 3862 da

171 3875 415 3961 Iupuneabdrpants
433 3893 462 3929 aa
479 3877 600 3946 imperior
622 3877 670 3933 uel
688 3873 725 3966 aa}
743 3829 794 3950 ple
813 3875 1040 3968 lpvr‘ipoi‘rra‘dstpc
1054 3877 1210 3966 dnrpdtpro
1225 3877 1269 3932 eal

85 3961 88 3970 ¹
172 3944 742 4084 attentatarum‘abt
758 3948 811 4072 a
826 3949 1119 4072 tatastat
1136 3965 1269 4086 aaa

173 4095 219 4200 31⁸
229 4081 538 4205 ippppatcresplonppncs
558 4084 698 4205 cplqeorrpop
716 4087 791 4208 hupc6
801 4088 910 4141 colorem
924 4057 1064 4172 transmisit
1073 4087 1152 4172 Iulius
1164 4087 1267 4205 capspr.

178 4165 246 4277 esis
260 4213 291 4270 a
302 4168 383 4288 *inii
399 4167 469 4272 ‚tt
489 4162 666 4288 ttttttt,
677 4159 956 4294 tttotttttt'
970 4174 1046 4293 libi
1064 4154 1269 4277 ἒῖἔῆῗέἵσὲξῖῗ

179 4281 246 4354 tor,
262 4280 371 4358 ἐχρῆτο,
404 4287 550 4384 maianus
569 4287 661 4359 pedum
680 4293 794 4362 tegmina
809 4309 939 4366 pmpurea
956 4299 1045 4360 vocat,
1061 4307 1128 4362 quae
1145 4307 1162 4344 a
1180 4291 1268 4346 comite
