2802 4686
150 299 200 370 96
456 295 612 370 comm,
631 293 927 368 eunomiana

150 464 295 546 διάκονοι.
346 465 509 556 εἲσίρχεται
523 457 577 534 adv
588 465 732 550 βασιλεδς
745 461 814 549 μετ’
830 463 930 532 αὐτῶν
945 465 988 542 είς
1000 461 1035 530 τδ
1048 459 1135 550 ἅγιον
1147 467 1247 550 βῆμα,

150 575 201 640 καὶ
218 565 381 655 λαμβάνων
396 571 550 654 δυμιατὸν
565 577 667 661 θυμιᾷ
687 569 743 654 τὴν
762 563 846 657 ἱεράν
861 563 1012 655 τράπεζαν
1032 571 1248 654 σταυροειδῶς,

150 681 270 763 πρῶτον
285 675 341 756 μὲν
355 673 434 738 κατδι
450 669 599 750 ἀνατολάς
605 721 616 754 ,
639 669 704 738 εἶτα
716 671 793 756 πρδς
806 669 928 760 άρκτον,
953 669 1054 736 ἔπειτα
1069 670 1145 754 πρὸς
1158 668 1248 736 ἕσπέ-

152 805 219 864 ραν,
245 779 295 844 καί
308 775 386 858 μετά
400 783 497 842 ταῦτα
512 774 590 862 πρδς
605 776 807 861 μεσημβρίαν.
858 770 921 840 εἶτα
938 771 1030 840 πάλιν
1041 772 1119 860 πρὸς
1136 773 1247 838 ἀνατο-

151 882 209 958 λάς
223 885 344 961 θυμιῶν
356 885 458 968 θυμιᾷ
471 879 588 944 καὶτὸν
602 875 802 967 πατριάρχην.
832 877 926 953 αὐτὸς
938 877 972 942 δὲ
987 872 1273 964 πρασσχορεάσας,5

152 986 202 1050 καλ
216 981 320 1065 λαβὼν
336 981 395 1047 dno
411 988 466 1065 τῆς
479 988 534 1048 tud
545 981 700 1064 βασιλίως
707 981 810 1068 χειρδς
822 980 874 1045 τὸν
893 975 1057 1062 θυμιατάν,
1080 977 1248 1068 άντιδυμιρῖ

115 1099 138 1151 Β
155 1085 207 1152 τὸν
218 1083 357 1168 βασιλέα.
398 1085 476 1168 μετά
491 1086 524 1152 δὲ
539 1091 636 1153 ταῦτα
649 1082 804 1166 ἐκβάλλων
820 1080 836 1148 ὃ
849 1084 994 1165 βασιλεὺς
1009 1080 1071 1148 dud
1084 1087 1140 1166 τῆς
1153 1081 1247 1149 αὐτοῦ

153 1195 288 1277 κεφαλῆς
309 1187 343 1254 td
367 1188 486 1272 στέμμα
508 1190 659 1275 ἐγχειρίζει
677 1197 740 1266 τοῖς
760 1183 928 1266 διακόνοις,
963 1181 980 1250 ὅ
1004 1186 1038 1252 δὲ
1058 1181 1248 1272 πατριάρχης

152 1293 230 1376 μετά
249 1292 284 1358 τὸ
306 1298 485 1374 κοινωνῆσαι
510 1297 565 1358 τοῦ
587 1291 687 1372 τιμίαν
712 1287 854 1373 σώματος
878 1290 985 1356 δίδωσι
1003 1289 1056 1354 καί
1070 1294 1115 1376 τῷ
1127 1293 1253 1370 βασιλεῖ

154 1399 197 1474 εἷς
209 1395 264 1472 τὰς
274 1405 380 1481 χεῖρας
394 1397 504 1482 μερίδα
519 1400 574 1460 τοῦ
588 1397 765 1460 δεσποτικοῦ
777 1389 935 1477 σώματος·
963 1383 1000 1458 οἷν
1018 1393 1069 1457 καὶ
1086 1391 1247 1474 μετασχὼν
1256 1405 1291 1460 10

153 1507 291 1564 κοινωνεῖ
302 1494 415 1580 ὁμοίως
433 1500 550 1562 καὶτοῦ
568 1499 716 1585 ζῳοποιοῦ
733 1497 871 1579 α’ίματος.
921 1502 1059 1562 κοινωνεῖ
1073 1493 1107 1559 δὲ
1122 1499 1177 1559 cau
1191 1493 1248 1577 μὲν

151 1599 341 1689 πατριάρχου
364 1600 417 1666 τδν
434 1597 524 1686 Ιάηιον
547 1599 685 1688 κρατῆρα
706 1599 901 1682 κατέχοντος,
928 1597 1021 1676 αὐτὸς
1037 1596 1071 1663 δὲ
1085 1591 1247 1686 προσίσχων

151 1712 196 1794 τῷ
211 1711 339 1792 κρατῆρι
353 1703 387 1768 τδ
403 1701 503 1787 στόμα
509 1751 520 1782 ,
540 1701 641 1790 ὥσπερ
656 1703 707 1767 καί
722 1701 751 1766 οἱ
766 1702 864 1789 ἱερεῖς.

253 1806 349 1896 Μετὰ
372 1805 407 1870 δὲ
427 1806 462 1871 τὸ
481 1812 662 1888 κοινωνῆσαι
677 1812 738 1871 τῶν
757 1806 850 1870 δείων
864 1802 1040 1891 μυστηρίων
1052 1801 1248 1890 περιθίμενος

154 1901 248 1986 αὖθις
266 1910 300 1975 τὸ
322 1909 442 1993 οτίμμα
462 1915 501 1996 τῇ
521 1914 638 1996 κεφαλῇ
661 1909 810 1997 ἐξέρχεται
829 1913 886 1974 aori
907 1903 994 1992 ἁγίου
1014 1902 1169 1990 βήματος·
1195 1908 1245 1970 καλ
1256 1921 1289 1976 15

152 2014 344 2096 τελεσθείσης
355 2020 410 2096 τῆς
425 2011 508 2101 ἱεράς
522 2013 708 2099 λειτουργίας
712 2059 723 2092 ,
748 2013 800 2078 καὶ
819 2017 875 2076 τοῦ
894 2011 1103 2093 διαδιδομένου
1122 2015 1166 2098 τῷ
1181 2013 1249 2096 λαῷ

113 2130 136 2182 c
154 2113 358 2202 άμιάσματος,
376 2115 394 2180 ὅ
409 2139 510 2202 φαμεν
523 2115 697 2201 άντίδωρον,
717 2106 816 2194 αὖθις
823 2109 992 2197 μετασχών,
1012 2115 1063 2178 καὶ
1075 2111 1249 2198 dippum

152 2217 237 2307 παρά
251 2245 283 2284 τε
298 2225 353 2284 τοῦ
369 2218 559 2307 πατριάρχου
571 2221 623 2284 καὶ
637 2225 697 2284 τῶν
711 2213 869 2304 παρόντων
886 2216 1058 2304 ἀρχιερέων,
1084 2217 1135 2280 καί
1152 2241 1248 2280 κατα·
1361 2245 1365 2260 1
1390 2219 1391 2239 ¹

156 2319 350 2406 σπασάμενος
362 2321 418 2397 τὰς
434 2323 533 2388 αὐτῶν
542 2331 665 2408 χεῖρας,
698 2320 854 2407 ἀνέρχεται
870 2322 912 2396 εἰς
926 2319 965 2384 τά
979 2315 1126 2404 λεγόμενα
1139 2319 1248 2402 Κατη-
1347 2375 1350 2382 .

153 2422 299 2508 χοάμενα.
350 2425 468 2508 ξυλίνης
481 2425 515 2490 δὲ
528 2425 645 2490 κάκεῖσε
658 2422 842 2511 άναβάδρας
854 2422 978 2511 μετρίας
992 2419 1085 2506 οάσης
1098 2435 1288 2508 apostata-20

155 2527 361 2611 σκευασμένης
375 2529 425 2592 καὶ
446 2524 568 2614 δράκων
585 2532 646 2592 τῶν
661 2526 739 2591 καθ’
756 2523 873 2614 ἡμέραν
888 2523 1032 2607 συνήθων
1047 2524 1247 2609 ἐπικειμένων,

156 2631 332 2720 άνίρχονται
346 2628 363 2694 ὅ
376 2656 409 2698 τε
422 2629 488 2710 νίας
501 2629 645 2714 βασιλεὺς
659 2633 710 2696 καί
730 2627 751 2715 ἦ
773 2629 868 2696 αὐτοῦ
881 2629 956 2716 γυνὴ
969 2631 1021 2723 καὶ
1034 2631 1155 2712 βασιλὶς
1168 2627 1246 2712 μετὰ

224 2827 240 2882 1
258 2815 310 2880 οάν
327 2799 419 2882 adda
520 2827 538 2880 6
553 2824 604 2894 τῆς
618 2823 698 2896 vulgo
717 2841 759 2878 om

155 2991 262 3066 perlatus
280 3001 330 3062 est,
349 2993 463 3047 invitant
478 2994 548 3047 illum
565 2994 694 3064 praedicti
711 2993 830 3063 diaconi,
849 3010 906 3046 cum
923 2993 1018 3062 quibus
1035 2992 1182 3061 ingreditur
1196 2991 1246 3044 ina-

153 3073 261 3148 perator
283 3065 311 3116 iu
335 3063 530 3116 tabernaculum
550 3080 598 3116 seu
622 3063 650 3117 in
667 3072 758 3118 sancte
773 3072 936 3128 eanimurum
963 3071 990 3116 et
1007 3071 1115 3132 accepto
1133 3061 1247 3114 turibulo
1301 3079 1304 3088 ¹

152 3139 279 3200 suscenset,
297 3133 381 3186 crucis
399 3132 566 3201 inspeciem,
583 3149 683 3186 sacram
701 3150 822 3200 mensam,
846 3131 955 3200 primum
977 3131 1081 3200 quidem
1103 3132 1137 3185 ad
1158 3131 1247 3184 orien-

153 3209 214 3270 tem,
232 3203 327 3256 deinde
345 3202 379 3255 ad
395 3202 608 3270 septentrionem,
627 3209 719 3272 postea
735 3203 770 3256 ad
786 3202 955 3269 occidentem,
974 3211 1001 3254 et
1017 3202 1122 3255 tandem
1140 3200 1174 3254 nd
1190 3217 1246 3252 me-

151 3271 254 3325 ridiem.
274 3271 369 3325 deinde
387 3269 480 3324 iterum
498 3271 531 3323 ad
549 3271 676 3325 orientem
692 3273 831 3325 incensans
845 3271 934 3326 suffitu
951 3287 1054 3338 quoque
1072 3269 1247 3340 patriarcham

151 3341 272 3394 honorat.
298 3341 357 3410 ipse
374 3347 460 3394 autem
475 3339 587 3394 salutato
605 3341 762 3411 imperatore
779 3340 863 3393 eidem
880 3339 981 3392 incensi
998 3349 1026 3393 et
1042 3341 1146 3392 suffitus
1163 3339 1247 3391 hono-

151 3427 206 3464 rem
222 3409 355 3465 redhibet.
391 3409 432 3462 hia
450 3409 562 3478 peractis
580 3409 724 3480 imperator
739 3410 860 3478 deposita
881 3409 915 3460 de
937 3409 1024 3475 capite
1047 3425 1144 3462 corona
1166 3405 1247 3459 tradit

153 3496 211 3532 eam
228 3479 355 3532 diaconis.
378 3487 406 3532 at
425 3479 575 3549 patriarche
591 3487 728 3549 postquam
745 3479 888 3548 pretiosum
904 3477 1002 3531 domiui
1018 3494 1112 3560 corpus
1128 3475 1248 3545 sumpsit,

151 3548 235 3602 tradit
258 3565 362 3616 quoque
385 3549 538 3618 imperatori
559 3549 587 3600 in
612 3566 702 3602 manus
729 3547 850 3600 dominici
868 3548 986 3629 corporis
1003 3545 1170 3618 particulam
1196 3561 1248 3613 qua

152 3624 254 3686 sumpte
271 3618 350 3669 sumit
367 3619 445 3670 etiam
463 3617 596 3670 vivificum
613 3619 779 3687 sartguinem3
797 3625 968 3670 communicat
984 3625 1080 3683 autem,
1099 3614 1248 3684 patriarcha

153 3693 269 3740 sanctum
291 3685 397 3740 calicem
420 3693 528 3740 tenente
551 3686 610 3757 ipse
634 3704 663 3740 os
687 3686 721 3740 ad
741 3685 846 3740 calicem
861 3685 1010 3755 applicans,
1034 3680 1247 3755 quemadmodum
1277 3741 1279 3748 y

153 3753 304 3810 sacerdotes
320 3756 414 3808 solent.
1128 3779 1130 3784 v

221 3825 360 3892 Postquam
377 3823 524 3877 divinorum
540 3823 723 3892 mysteriorum
746 3821 880 3892 particen
905 3823 1017 3876 effectus
1040 3825 1099 3890 est,
1123 3819 1247 3890 imposita

153 3910 243 3946 rursus
261 3892 342 3960 capiti
360 3909 456 3946 corona
520 3893 605 3946 editur
622 3911 637 3946 e
653 3909 728 3945 sacro
745 3844 879 3961 tribunali,
895 3893 970 3945 finita
987 3889 1095 3958 liturgia
1108 3898 1136 3943 et
1149 3889 1246 3959 populo

127 3983 129 3987 ·
153 3981 223 4032 pane
239 3962 410 4030 sanctificato,
436 3978 487 4029 quo
521 3962 667 4015 antidotum
685 3960 851 4030 nominamus,
870 3961 1024 4024 distrihut03
1051 3961 1085 4012 da
1102 3976 1154 4028 quo
1171 3965 1246 4041 post-

154 4049 231 4102 quem
257 4032 363 4102 etipse
386 4031 571 4101 participavit,
597 4038 624 4083 et
649 4029 856 4084 benedictionem
880 4049 896 4084 a
920 4029 1071 4100 patriarcha
1097 4036 1247 4094 ceterasque

153 4101 336 4170 praesentibus
353 4101 441 4169 episco
461 4100 484 4152 is
501 4098 613 4169 accepit,
631 4115 770 4166 eorumque
787 4117 876 4154 manus
893 4098 1058 4154 deosculatus
1075 4105 1127 4162 est,
1154 4095 1268 4150 ascen-'

154 4170 194 4223 dit
211 4171 244 4223 ad
260 4171 344 4224 locum
367 4118 551 4230 catechumena
574 4168 681 4225 dictum.
718 4169 805 4236 lignea
825 4169 865 4222 ibi
887 4184 991 4238 quoque
1013 4167 1172 4232 anabathra,
1200 4163 1247 4216 sed

153 4239 268 4307 medica,
292 4247 465 4310 praeparata3
494 4245 523 4292 et
549 4237 643 4307 positis
667 4237 786 4305 thronis,
814 4239 861 4306 qui
886 4236 1038 4306 quotidiano
1061 4244 1122 4289 sunt
1142 4235 1171 4286 in
1189 4249 1247 4300 usu,

152 4311 296 4368 ascendunt
312 4327 395 4366 novus
412 4308 555 4379 imperator
572 4314 600 4360 et
616 4323 682 4360 uxor
699 4307 756 4362 eius
776 4307 928 4377 imperatrix
949 4321 1006 4360 cum
1022 4305 1181 4373 imperatore
1199 4317 1247 4372 pa·
1390 4361 1391 4370 η
