2744 4690
161 333 237 407 ara
327 321 609 400 aasrssnrsr
622 327 758 400 socru
772 275 1126 400 conuuuruuns¹

165 499 341 561 consecrarit
354 499 504 581 episcopus
515 497 713 558 Caesariensis.
757 494 793 570 ’ὃς
814 493 897 578 τιαροί
917 497 976 576 cosi
1003 498 1191 580 Καισαρείας
1223 525 1288 565 κε·-

165 583 365 673 χειροτόνιχτο.
406 586 455 645 nbi
483 585 557 646 male
578 585 717 663 interpres
744 583 879 645 Woltius:
916 583 1132 661 etcaesariensi
1151 591 1286 667 episcopo

166 675 271 736 electas.
292 693 350 734 non
364 673 460 732 electus
477 673 529 734 sed
546 677 710 732 conceaatas
723 678 775 730 est:
793 669 850 730 iam
864 673 949 730 antea
958 669 1032 727 enim
1046 669 1139 729 firerat
1153 671 1283 752 electae,

164 760 218 824 arai
245 759 459 838 προεχειρίσθη
482 750 665 835 πατριάρχης
688 747 880 827 Πολύευκτος
902 748 1043 834 μοναχός.
1086 755 1160 815 male
1181 759 1280 818 etiam

166 845 284 904 erarius
306 845 472 924 inlhistoria
491 843 675 924 patriarchica
692 839 797 901 Malaxi
820 841 838 901 l.
856 847 878 905 2
899 839 1122 918 Turcogrueciae
1136 861 1164 921 p.
1190 845 1279 906 131:

165 922 387 1012 ἐχειροτόνησεν
412 924 543 993 αιίτδνὸ
565 925 738 1008 Ἡρακλείας
761 919 957 1004 πατριάρχχν.
999 926 1149 986 declaravit
1181 932 1278 1005 speum

76 1038 80 1050 ¹
164 1017 351 1078 Heracleensis
366 1015 559 1096 patriarchatu.
582 1013 638 1072 imo
659 1015 831 1087 comecraoit,
848 1012 1128 1086 ordinaoit,initiaait.
1150 1012 1276 1090 pulchre

166 1103 294 1162 Zonaras
312 1102 349 1161 ad
368 1119 428 1160 can.
450 1097 604 1178 tepore:
625 1101 684 1161 νῦν
705 1094 760 1178 μὲν
780 1098 947 1178 χειροτονία
962 1101 1094 1159 καλεῖται
1108 1096 1131 1176 η’
1147 1103 1204 1176 τῆς
1216 1121 1274 1160 ιτα-

165 1183 338 1268 θιεροίσεας
358 1191 413 1250 τοῦ
431 1185 571 1266 ἱερᾶσθαι
585 1179 728 1264 λαχόντος
741 1181 943 1264 τελεστονρχία
955 1185 1017 1245 τοῖν
1034 1175 1132 1262 cdxciv
1145 1182 1198 1244 scal
1212 1189 1275 1246 τοῦ

165 1271 257 1354 siploo
276 1265 447 1352 πνεύματος
463 1269 615 1350 ἐπίκλησις
629 1263 689 1332 tao*
704 1271 760 1330 rosi
772 1264 826 1330 cdv
841 1261 977 1348 ἀρχιερέα
988 1267 1099 1332 τείνειν
1112 1263 1170 1348 τὴν
1184 1275 1274 1349 χεῖρα

164 1355 351 1440 εὐλογοῦντα
370 1351 424 1418 τόν
438 1348 711 1438 χειρατονοιίμενον·
739 1344 1032 1434 aileiaizairis}
1046 1349 1070 1434 ἡ
1083 1357 1194 1434 ψῆφος
1206 1377 1272 1434 χει-

139 1503 147 1516 ,
163 1442 289 1526 ροτονία
301 1433 467 1520 οίνόμαστο.

248 1542 334 1602 Errat
349 1543 450 1600 iterum
462 1537 559 1599 Iunius
574 1557 637 1598 cum
649 1538 736 1600 verba
749 1537 821 1616 ista,
837 1535 871 1602 ίν
885 1535 919 1601 dl
932 1540 976 1623 spi
989 1541 1042 1619 τῆς
1057 1532 1150 1602 αὐτοῦ
1167 1561 1270 1621 χειρο-

163 1629 268 1701 τονίας
285 1631 383 1710 carpas·
405 1625 515 1704 ἔρχεται
530 1621 584 1706 μὲν
602 1623 620 1688 o‘
635 1621 774 1704 βασιλεύς
792 1625 835 1694 είς
849 1620 907 1700 τήν
921 1623 1011 1704 siplae
1026 1626 1165 1701 Σοφίαν,
1186 1646 1269 1684 more

162 1713 330 1772 calviniana
343 1715 496 1787 detorquet
510 1709 639 1770 insolam
651 1707 752 1790 (veluti
765 1709 884 1769 ministri
893 1707 1021 1787 alicuius)
1030 1712 1267 1788 designationem,

162 1801 206 1858 ita
219 1805 348 1858 vertens:
371 1817 423 1878 qao
436 1804 524 1856 autera
538 1796 673 1873 eligendas
689 1802 728 1855 est
745 1801 865 1876 tempore.
907 1797 1019 1854 minime
1033 1815 1116 1874 vero,
1135 1799 1189 1855 sed
1207 1815 1266 1874 quo

164 1891 293 1964 tempore
314 1881 473 1943 ordinandas
490 1889 515 1941 et
531 1881 721 1942 assuescendus
737 1888 782 1940 est
795 1881 970 1960 patriarcha3
998 1901 1048 1940 seu
1065 1888 1178 1960 ternpore
1193 1885 1266 1941 ordi-

163 1971 688 2048 nationisetcaruecratiora'sappetente,
708 1971 780 2028 verrit
796 1970 937 2046 imperator
947 1965 1113 2028 οιίιοοοίοοι
1124 1968 1264 2048 Septima

250 2107 278 2166 p-
296 2087 357 2152 102
372 2105 398 2146 v.
410 2083 440 2148 4.
468 2084 684 2144 Cantaermenus
700 2081 720 2147 4
734 2088 791 2148 37:
827 2085 921 2147 dicim
941 2085 973 2146 S.
987 2089 1098 2165 spiritus
1111 2090 1207 2162 gratia
1218 2091 1264 2148 in-

164 2178 279 2245 vocata,
300 2179 352 2231 tres
371 2175 401 2230 in
409 2171 595 2250 patriarcham
610 2171 728 2246 elr'gnnt,
740 2169 909 2231 Ρίιίίοίίιεαιο
922 2171 1085 2247 Heracleae,
1105 2171 1263 2234 Maeotiam

163 2257 368 2336 Philadelpliae
383 2259 532 2336 episcopos,
554 2262 579 2316 et
599 2259 737 2333 paratura
754 2254 1000 2318 adpetitionum
1017 2257 1168 2316 Calasrlarn
1177 2280 1187 2335 ;
1210 2259 1263 2318 sle

163 2349 315 2421 clamatque
338 2345 445 2400 nomina
464 2343 618 2418 inperatori
633 2345 734 2419 scripta
755 2344 881 2417 mittunt,
903 2348 951 2423 qni
961 2343 1127 2402 Plrilotltenrn
1146 2343 1262 2414 maluit,-

164 2435 192 2487 et
213 2432 238 2486 is
256 2447 309 2487 non
329 2426 378 2484 dia
393 2432 469 2506 post,
495 2427 625 2501 legitimis
644 2423 760 2486 οοεαίίιαι
776 2431 902 2502 amnas,
918 2427 1079 2506 patn‘orclra
1096 2435 1261 2490 censeantur

161 2513 299 2572 ecclesiam
314 2512 483 2589 aliquamdiu
500 2511 708 2570 adminitraoit.
733 2511 799 2568 olim
815 2514 966 2591 imperator
979 2511 1115 2572 arbitratu
1128 2533 1192 2592 sno,
1211 2535 1258 2574 so-

158 2596 215 2674 lus,
229 2598 289 2656 siue
302 2598 497 2675 episcoporum
506 2596 657 2674 suffragiis,
673 2597 859 2674 patriarcham
872 2599 1052 2676 designabat3
1070 2601 1148 2673 quod
1158 2607 1257 2660 contra

159 2702 283 2742 canones
305 2684 412 2740 factum
429 2701 492 2742 esse
510 2684 618 2741 fatetur
637 2683 852 2741 Cantacuzenus
871 2682 961 2761 437,
984 2685 1032 2742 ubi
1048 2685 1188 2763 episcopis
1204 2707 1256 2763 po-

159 2774 295 2828 testatem
314 2768 381 2826 sacit
397 2773 431 2824 ut
447 2787 524 2826 more
543 2769 630 2826 veteri
647 2773 705 2826 tres
722 2769 882 2847 nominent,
906 2769 1059 2846 exquibus
1078 2770 1140 2851 ipse
1154 2776 1256 2852 postea
1345 2755 1347 2840 ί

158 2871 224 2912 eum
240 2855 289 2930 qui
303 2853 392 2930 magis
404 2853 528 2912 arriserit
548 2853 665 2912 caeteris
678 2854 827 2932 praeterat

243 2968 401 3045 Postquam
430 2969 530 3030 Graeci
558 2989 576 3028 a
602 2969 796 3029 communione
827 2970 903 3030 sedis
931 2971 1103 3052 apostolieae
1135 2975 1253 3034 seiuncti

159 3071 270 3112 omnem
299 3059 490 3131 potestatem,
524 3054 610 3114 etiam
643 3054 874 3134 ecclesiasticam,
911 3055 941 3114 in
967 3077 1034 3116 suos
1068 3060 1251 3138 imperatores

159 3138 383 3215 transtrdenrnt,
410 3155 468 3196 nou
496 3139 645 3197 defirerunt
674 3145 750 3198 certe
773 3141 956 3220 imperatorne
976 3143 1105 3220 partibus
1128 3145 1181 3204 sibi
1201 3149 1250 3206 de·

156 3221 240 3301 latis,
256 3225 306 3282 sed
317 3242 375 3298 qua
387 3228 530 3300 potestate
542 3224 714 3302 patriarchas
727 3227 886 3304 ponebant,
909 3231 1008 3288 eadem
1022 3232 1137 3290 eosdem
1149 3232 1251 3293 iterum

156 3310 357 3388 deponebant,
382 3314 413 3368 et
434 3311 459 3368 si
471 3310 588 3388 liberet,
610 3312 755 3392 depositos
772 3315 955 3392 reponebant
998 3317 1092 3376 omnia
1105 3317 1250 3378 historico·

156 3413 221 3452 rum
240 3395 381 3454 volumina
405 3394 488 3473 plena
514 3403 583 3455 sunt
604 3397 754 3476 exemplis,
785 3401 934 3479 praecipue
963 3401 1086 3461 Cedreni
1122 3404 1250 3462 Zonarae

157 3477 265 3554 Glycae
287 3481 468 3540 Constantini
494 3481 659 3562 Manassae,
683 3483 835 3563 Nicephori
855 3485 1015 3566 Gregorae,
1045 3489 1246 3562 Cantacuzeni3

157 3561 323 3639 Turcasque
351 3585 418 3626 suos
440 3587 613 3627 successores
639 3570 709 3648 ipsis
732 3571 813 3628 factis
833 3572 891 3629 suis
911 3573 1084 3634 edocuerunt
1107 3577 1246 3651 quomodo

154 3648 210 3724 ipsi
226 3650 323 3708 itidem
341 3671 404 3710 cum
428 3653 592 3730 patriarchis
611 3673 695 3732 agere
718 3655 861 3716 deberent
901 3665 977 3718 certe
996 3659 1170 3720 Mahometes
1189 3660 1246 3719 sul-

154 3737 255 3811 tanus,
279 3736 327 3808 qui
349 3736 461 3813 Cpolim
480 3738 533 3796 sub
548 3759 630 3799 sunm
643 3741 738 3817 iugum
753 3742 847 3819 misit,
867 3742 914 3801 vix
925 3743 980 3803 alio
996 3746 1052 3804 ritu
1069 3746 1244 3806 Gennadium
1292 3777 1295 3782 ·

153 3818 327 3880 scholarium
342 3823 446 3882 creavit
461 3841 544 3899 qnam
558 3826 634 3886 hica
651 3826 763 3886 Codiuo
776 3829 964 3888 describatur:
983 3851 1046 3891 narn
1058 3837 1116 3892 suis
1128 3833 1245 3894 nundus

154 3905 328 3969 decavlasov
341 3928 387 3966 seu
406 3908 591 3986 ιίιιιανίιτιον,Ι
611 3913 745 3989 pastorale
762 3915 875 3992 pedusn,
891 3919 985 3992 magni
992 3919 1076 3998 pretii
1089 3918 1178 3994 dedit,
1195 3919 1244 3976 ba-

152 3990 243 4049 calam
259 4011 349 4071 rumpe
360 4001 512 4071 argasteurn
524 4001 692 4075 inauratum,
708 4001 849 4079 artificiose
862 3999 980 4078 factam.
1021 4002 1097 4064 dedit
1113 4009 1140 4064 et
1153 4022 1244 4082 apaan

153 4071 248 4133 tonans
268 4083 294 4135 st
312 4084 410 4139 certam
432 4099 571 4140 canoram
590 4101 733 4159 ινιοοιοοι,
754 4086 796 4146 lis
809 4088 894 4146 verbis
907 4089 1024 4150 additr's:
1044 4089 1244 4170 quodfaastunr

153 4175 187 4214 ac
202 4157 277 4235 solra
297 4165 350 4237 sit,
372 4170 427 4223 esto
442 4166 619 4243 patriarcha}
639 4174 665 4228 et
678 4175 750 4230 utere
767 4181 857 4234 aesna
878 4179 1000 4236 emiolia
1018 4179 1048 4236 in
1061 4178 1156 4256 pastas
1169 4175 1244 4236 relus

152 4241 241 4314 οοίοι,
273 4245 369 4304 liabens
389 4253 475 4308 omnia
488 4253 552 4310 tora
566 4255 773 4334 privilegiisque,
804 4263 888 4321 acati
906 4265 1049 4340 superiores
1068 4269 1132 4322 ante
1149 4265 1175 4319 le
1188 4278 1243 4339 pa·

151 4326 284 4388 triarcleae
315 4331 474 4397 doluerunt.
516 4336 582 4396 tate
610 4359 711 4422 ραοριιι
741 4345 863 4425 ternplum
891 4343 1041 4410 sanctornm
1065 4345 1243 4429 apostolorum
