2744 4690
442 303 487 371 ru
501 301 653 371 camur
668 303 750 368 aar.
769 277 907 370 xvia*
1137 307 1212 377 aaa

120 469 241 522 decenter
262 464 452 536 complicatum,
475 471 632 536 pumenius,
655 463 700 538 qai
724 463 796 534 prior
825 463 963 532 dignitate,
993 481 1084 534 parram
1109 481 1211 524 amm

121 540 193 591 disco
218 536 403 606 superpositum
425 551 458 586 uc
482 537 594 586 velatum
620 533 699 602 capiti
720 531 957 604 superimpositum,
978 542 1092 602 gestam.
1117 537 1212 606 primus

120 606 280 661 sacerdotum
297 604 400 656 calicem
418 603 478 656 vino
494 603 616 668 mixtum,
633 601 675 654 ulii
692 618 788 654 sacram
806 602 932 666 lanceam,
958 619 1056 656 sacram
1072 605 1215 674 spongiam,

120 676 234 736 stellam,
251 673 346 726 *calices
362 689 458 725 vacuos
475 672 516 724 vel
531 689 578 740 pro
599 669 684 740 populi
702 670 780 722 eacus
795 671 975 741 participantia
992 674 1144 726 necessitate
1157 675 1216 744 ple-

121 762 167 797 nos
185 743 312 796 deiemnt.
331 743 396 797 haec
415 759 446 792 ue
460 748 523 793 eunt
538 756 613 793 auara
628 755 707 804 vasu,
726 757 791 808 qaae
808 739 848 798 hic
868 746 956 794 tenere
972 740 1099 808 leguntur.
1118 749 1214 797 tractat

118 813 219 866 abunde
245 811 278 864 de
304 810 359 864 istis
390 758 572 876 thedelegarii
598 824 630 860 ac
657 808 782 862 Simeonis
807 808 1042 862 Thessalonicensis
1073 827 1150 880 opere
1178 817 1214 866 dc

120 881 214 953 templo
232 885 259 933 et
273 879 353 932 missa
371 895 451 948 nuper
465 895 484 930 u
500 878 573 948 uobis
589 877 669 930 editu.

189 984 224 1036 ih.
250 997 278 1034 v.
295 983 323 1036 7.
345 974 546 1045 περιελθόντες]
572 977 732 1048 uprothesi,
749 976 782 1030 de
799 993 850 1046 qna
863 994 958 1062 cupre,
974 978 1212 1049 udecclesiuepof.

119 1053 174 1106 tam
192 1050 358 1114 exteriorem,
376 1054 403 1100 et
418 1049 451 1099 ab
469 1065 501 1099 ee
518 1047 551 1100 ad
568 1047 663 1099 medias
679 1061 816 1116 tueturque
831 1048 918 1101 alturus
935 1049 1003 1100 fores
1020 1051 1168 1118 procedunt.

188 1137 224 1192 ih.
241 1155 267 1190 r.
280 1137 321 1189 to.
339 1127 389 1188 criu
405 1129 579 1251 mucprciuppu
597 1127 755 1215 ἴσονὶμενον]
780 1133 847 1185 dona
867 1149 941 1214 sacra
958 1131 1107 1204 missumque
1129 1151 1215 1191 secum

118 1206 293 1270 celebrantes,
311 1201 455 1256 sacerdotes
471 1201 592 1254 videncet
609 1205 636 1254 et
651 1208 793 1268 ministros,
810 1209 983 1272 excepturum.

117 1290 322 1414 ⁹fficigpgavzl'p.
348 1281 414 1340 ouidi
429 1283 646 1355 upuaopoiicuu]
664 1292 810 1342 recensetur
826 1293 910 1342 temen
933 1289 1001 1341 inter
1026 1287 1212 1347 ecclesiasticos

185 1446 258 1514 p.96
274 1461 300 1496 v.
311 1441 352 1496 13.
365 1432 458 1507 ’ὥσπερ
476 1434 525 1492 ναὶ
542 1432 573 1490 oi
593 1432 685 1506 ἱερεῖς]
709 1438 758 1492 hoc
780 1446 836 1504 est,
861 1439 949 1494 ambus
974 1439 1074 1512 species
1095 1441 1169 1512 panis
1184 1448 1212 1496 et
1303 1487 1306 1491 .

119 1513 172 1566 vini
186 1511 322 1582 separatim
342 1509 447 1580 accipit,
473 1507 631 1560 secerdotum
654 1523 742 1572 more,
762 1509 853 1562 relicta
873 1511 951 1580 plebe
974 1527 1064 1579 panem
1089 1512 1147 1564 vino
1170 1512 1211 1563 in-

119 1585 241 1708 ffiffi’
256 1579 397 1635 sacerdotis
414 1593 503 1642 manu,
523 1576 549 1627 iu
571 1576 698 1630 cochleari
723 1575 808 1648 λαβύρ
831 1583 947 1646 rocetos
963 1581 991 1632 iu
1012 1580 1211 1635 communionem

201 1755 237 1814 ih.
248 1771 278 1812 r.
295 1752 343 1814 17.
363 1749 399 1808 de
412 1749 541 1808 antidora
555 1750 609 1808 ium
625 1769 712 1828 supra
731 1751 768 1807 ad
781 1743 865 1828 plis
883 1770 911 1810 v.
932 1755 982 1814 20.
1004 1750 1146 1829 eleganter
1159 1753 1223 1828 de·¹

119 1839 248 1900 scribitur
269 1856 287 1896 a
307 1837 437 1894 Simeone
458 1833 698 1892 Thessalonicensi
719 1835 747 1891 in
765 1834 857 1893 libello
879 1837 915 1893 de
936 1836 1049 1914 templo.
1085 1840 1210 1917 posthaec

118 1929 204 1984 uaeris
219 1944 237 1984 a
251 1922 369 2000 prothesi
386 1919 502 1996 ablatis,
522 1919 632 1977 diacum
651 1919 752 1998 quidem
773 1919 934 1999 disrumpet
950 1926 1046 1999 capul,
1067 1923 1212 1983 sucerdoti-

119 2012 169 2069 hus
178 2015 270 2068 autem
282 2008 405 2065 manibus
421 2005 516 2062 culices
531 2006 694 2079 tenentibus,
715 2009 770 2083 ipm
785 2009 884 2080 gratiis
896 2010 965 2064 actia
975 2013 1003 2064 et
1020 2009 1140 2066 manibus
1150 2009 1212 2066 lotis

119 2094 267 2171 egreditur,
290 2091 408 2169 quodque
421 2095 530 2148 uocatur
544 2086 709 2169 α’ντίὸωρον
723 2094 752 2147 in
761 2090 886 2168 populum
900 2091 1047 2151 distribuit.
1088 2096 1211 2170 quonium

119 2182 186 2238 enim
203 2181 337 2256 episcopua
352 2175 505 2245 Christum,
526 2179 558 2232 ut
579 2173 730 2250 docuimus,
743 2179 885 2253 exprimit,
902 2177 985 2254 speum
1003 2182 1031 2234 ct
1046 2179 1212 2256 camplacuit

117 2269 146 2323 et
155 2261 332 2342 participavit
344 2266 370 2318 et
384 2262 497 2318 sacratio
511 2263 577 2318 uiris
587 2262 739 2337 imputauit.
782 2261 1015 2338 sanctificationem
1037 2268 1125 2321 autem
1144 2282 1212 2341 pur-

119 2352 231 2425 licipure
242 2366 306 2422 opus
318 2351 357 2403 ert
366 2343 509 2421 populum,
535 2351 636 2420 quantu
658 2345 759 2422 quidem
769 2367 788 2404 a
797 2346 951 2422 preciduaet
962 2347 1091 2406 tremenda
1102 2349 1212 2425 sacrifi·

119 2436 159 2492 aia
171 2429 345 2490 intellectuali
361 2428 565 2504 modcfidrlihus
579 2433 767 2488 cummunicato
787 2435 833 2488 eet
875 2435 900 2487 et
921 2433 1042 2508 quoniam
1062 2451 1109 2510 per
1129 2437 1212 2490 uerter

120 2517 265 2596 quaedam,
285 2520 397 2592 atquae
412 2532 505 2590 empus
520 2519 693 2584 contexerint,
716 2516 948 2592 sanctificationem
966 2519 1083 2592 accipere
1104 2523 1212 2594 oportet,

114 2621 164 2680 per
180 2595 345 2678 οἷννίδαρον
358 2599 389 2656 id
395 2599 443 2676 fir.
485 2603 523 2655 est
536 2605 621 2656 autem
632 2603 814 2677 sanctificatus
822 2603 903 2676 panis
911 2603 940 2656 iu
946 2600 1211 2678 prothesirepmitus,

117 2707 151 2746 ec
161 2685 334 2764 quomedium
351 2688 482 2740 exsectum
495 2681 531 2739 ud
551 2685 712 2762 sacrificium
726 2684 847 2760 affertur.
889 2683 931 2740 hic
940 2689 1032 2760 postea
1046 2690 1076 2742 ut
1091 2687 1211 2744 lanceola

116 2775 256 2846 cr'guatuc,
274 2767 415 2827 sidicinis
433 2767 518 2824 uerbis
529 2787 608 2845 cuper
626 2787 652 2826 ce
669 2768 774 2846 suciis,
794 2769 850 2826 loco
870 2767 994 2826 dumorum
1015 2771 1212 2843 tremendorum,

116 2856 239 2915 uidelicet
255 2857 290 2913 iic
311 2856 359 2930 qui
382 2871 433 2910 uon
459 2857 696 2928 communicarunt,
717 2854 880 2931 dispertitur.
924 2853 992 2930 quod
1016 2856 1149 2934 epiecopus
1164 2856 1212 2914 uli

114 2939 184 3020 fecii
203 2945 229 2998 et
241 2937 339 3018 populo
354 2937 415 2996 hene
429 2942 554 3016 precata
572 2943 626 3013 est,
637 2939 722 3016 finem
735 2941 829 2998 micsae
844 2940 964 3016 impersit.

186 3060 250 3114 rua.
285 3044 442 3125 caecamur
461 3059 538 3127 pana
557 3059 714 3128 maurum,
739 3053 803 3114 aaut
821 3060 877 3112 :aa
899 3054 985 3127 curuo
1008 3054 1122 3130 aarum,
1139 3077 1209 3114 un·
1244 3088 1245 3091 κ

118 3129 239 3184 munionis
257 3128 314 3179 vice
333 3127 361 3179 in
384 3127 492 3179 ecelesia
516 3135 644 3197 sumptus,
669 3129 701 3181 de
718 3146 768 3216 pao
791 3128 926 3183 Balsamon
947 3128 973 3180 in
997 3145 1052 3180 can.
1075 3131 1094 3183 2
1116 3131 1209 3182 Antio-

120 3200 240 3252 chenumc
258 3189 414 3264 ἐπενοήθη,
432 3191 469 3256 ὡς
485 3191 589 3277 iborea,
606 3192 625 3264 ἡ
642 3199 694 3250 τοῦ
712 3194 869 3264 αντιδῶρον
885 3193 1011 3257 διάδοσις
1028 3191 1095 3250 ὥστε
1114 3198 1209 3250 πᾶσαν

117 3263 244 3333 ἀνάγκην
262 3260 396 3332 ἔχεινκαὶ
412 3258 514 3346 αὖξουε
533 3259 598 3324 rahe
613 3261 651 3332 μὴ
674 3263 847 3334 δυναμένους
868 3265 1032 3334 μεταλαβεῖν
1050 3266 1105 3318 τῶν
1121 3262 1209 3332 ἀμίαν

117 3332 166 3390 ναὶ
183 3332 325 3402 curucam
332 3347 495 3454 prorumpatur
516 3338 730 3399 προσκαρτερεῖν
753 3329 831 3404 μέχρι
853 3328 950 3394 νὲλονς
969 3334 1019 3399 τῆς
1036 3333 1118 3396 θείας
1133 3331 1206 3403 ἱερο-

116 3399 253 3462 τελεσαίας
268 3397 315 3452 sul
346 3419 362 3452 κ
378 3393 468 3468 χειρός
484 3395 623 3466 ἱερατικῆς
639 3398 789 3470 λαμβάνειν
807 3397 875 3456 uicti
893 3399 933 3462 εἰς
950 3399 1095 3469 ἁγιασμόν.
1112 3420 1145 3457 eu
1161 3419 1209 3456 cur

115 3469 237 3541 ἁνίασμα
253 3475 328 3520 vocet
345 3475 448 3532 auctor,
472 3467 540 3536 quod
557 3468 669 3521 nimirum
687 3471 841 3524 sumentibus
865 3469 1092 3524 sanctificationem
1117 3490 1133 3524 ο
1152 3489 1211 3526 ere-

116 3548 177 3606 tur,
192 3536 253 3607 quia
268 3537 338 3608 prius
354 3535 577 3590 mncdficationem
590 3537 705 3606 accepit,
723 3539 792 3606 quod
809 3557 841 3591 ex
859 3539 913 3590 eiua
935 3538 1000 3591 ruole
1023 3539 1109 3592 obluta
1132 3489 1210 3594 hem

117 3614 252 3678 excerpta,
268 3605 337 3674 quod
353 3621 496 3659 remeares
513 3604 628 3674 attigerit
644 3623 676 3658 ac
692 3607 811 3677 precibus
826 3606 950 3676 liturgicis
972 3613 1074 3681 semper
1097 3609 1210 3665 adiuerit

116 3693 245 3749 praeseus.
262 3675 326 3728 ritus
342 3691 393 3746 quo
411 3673 570 3729 distribuitur
586 3675 721 3728 exhibetur
736 3676 763 3728 iu
780 3676 966 3746 limchologicia.

199 3791 340 3854 ih.r.19.
362 3787 568 3868 catechumena]
589 3791 719 3848 scribitur
744 3792 829 3850 etiam
850 3797 1097 3872 κατηχονμενεῖα,
1127 3791 1206 3851 locus

116 3877 146 3934 in
166 3873 223 3951 quo
252 3875 440 3933 catechumeni
460 3875 500 3934 rei
518 3875 627 3934 divinae
653 3871 900 3956 operam'dabunt
932 3877 1055 3956 amplum
1079 3895 1113 3936 ac
1140 3897 1207 3957 spa-

115 3962 218 4020 tiosum
230 3961 316 4020 fuisse
330 3964 451 4058 oportet.
761 3985 765 3990 ¹
1181 3955 1184 3960 ’

183 4074 249 4130 ibid.
277 4091 398 4144 nusquam
423 4090 471 4142 pra
493 4069 726 4126 catechumenorum
750 4075 919 4130 mansiondms
940 4075 983 4129 hic
1005 4074 1141 4146 sumenda,
1159 4075 1206 4130 sed

114 4158 162 4212 pru
179 4143 242 4197 locis
263 4144 341 4196 verbo
366 4141 407 4195 dei
424 4141 566 4209 officiisque
587 4142 767 4198 eccleciasticis
784 4145 913 4198 audiendis
931 4143 964 4197 ad
984 4144 1133 4212 templorum
1149 4159 1207 4199 mu·

114 4226 159 4263 roa
168 4211 311 4265 exstructis.
333 4212 399 4264 talea
412 4211 488 4265 hodie
504 4211 615 4263 videmus
628 4212 711 4265 velud
726 4215 873 4283 templorum
888 4229 974 4280 naves,
992 4219 1020 4264 ut
1031 4219 1145 4276 vocant,
1160 4229 1206 4267 su·

114 4295 196 4352 perae
213 4295 245 4334 uc
260 4279 414 4351 introrsum,
439 4281 482 4337 vel
502 4279 565 4336 ioris
584 4280 754 4350 preminentes
773 4282 904 4352 porticus,
926 4281 953 4336 iu
971 4280 1078 4336 sublime
1093 4287 1204 4354 eructu,
