2822 4684
170 293 245 365 236
334 291 544 362 GRETSERI
556 290 613 358 ET
627 286 758 360 GOde
770 281 1105 399 COMMENTARIUS

166 457 275 524 κιοροΐσ
297 452 357 518 τοῖο
378 447 465 512 dunos
485 454 611 526 χρῆσθαι
630 449 806 522 κεχάρισται,
833 445 868 505 lo'
892 435 913 522 ἦ
936 443 1142 522 διασημότατος
1164 447 1197 506 ἐν
1212 452 1279 514 τοῖς

166 525 233 596 περὶ
249 519 299 580 τὸν
316 521 429 596 βασιλέα
452 519 580 592 εὕηενΙσι.

240 631 267 682 p.
278 613 310 666 18
323 628 349 669 v.
361 613 402 666 10.
420 605 581 678 inpeditior]
600 605 756 662 δικανίκιον
772 605 963 677 protovestiarii
979 605 1094 662 aurilieio
1113 622 1192 676 opere
1207 622 1276 674 ηοο·

145 679 151 693 “
170 677 316 752 σοχοϊκόν,
332 679 480 749 liquatoquo
495 678 574 732 viridi
590 677 623 730 ad
638 677 795 748 pigmenium
810 675 913 728 metallo
927 675 1022 730 vitrum
1040 676 1154 735 imitante
1167 669 1274 732 ὑποῦέ-

135 749 141 767 ’
172 753 251 818 τιον,
268 767 299 802 ao
315 749 374 804 ideo
392 749 473 802 viride
491 748 563 802 simul
581 764 612 802 oo
628 762 732 802 aureum
747 740 978 815 κρυσοπροὶσινον.

166 850 171 858 ·
198 828 206 841 ’
241 834 306 888 idid.
332 829 368 886 τοὶ
390 829 560 904 ὑποδήματα
583 826 673 886 nitori
696 828 828 900 πράσιυα]
857 829 948 914 qulbus
965 833 1102 884 alienum
1117 828 1227 883 Nicetes
1243 829 1274 882 in

170 904 261 958 Alexio
276 904 390 972 Angelo,
412 903 545 974 eidemque
564 901 762 972 protovestiario
779 909 916 955 tentorium
933 901 1062 970 proprium
1086 898 1218 952 concedit:
1242 894 1277 950 ol

169 970 311 1044 βάρβαροι
328 965 362 1026 τὸ
378 973 603 1042 νυκτιφυλακοῦν
619 967 775 1040 στράτευμα
790 970 826 1024 τ’
841 971 894 1024 τοῦ
909 967 1162 1040 πρωτοβεστιαοίου
1176 963 1275 1020 'lodu-

168 1061 222 1095 νου
239 1042 328 1112 σκηνῇ
343 1043 447 1111 φεῦγον
464 1035 682 1112 Ικικατὲλαβον,
699 1035 744 1102 oie
766 987 933 1092 uuinodtou
948 1033 1153 1109 θορυβηθέντα
1169 1029 1271 1102 ἐξαυα-

167 1111 277 1180 σσηναι.
312 1118 339 1164 et
353 1112 434 1166 inlras
452 1105 489 1166 sd
505 1105 537 1166 ἐν
552 1110 589 1182 τῇ
604 1110 693 1179 σκηνῇ
707 1103 878 1178 διελόμενοι,
894 1101 926 1162 io
944 1103 987 1172 οἷς
1001 1097 1038 1176 ἦν
1054 1104 1103 1160 καὶ
1117 1099 1153 1160 τα
1166 1101 1272 1177 βατηοὶ-

167 1199 217 1305 ζα
233 1175 267 1234 τὸ
283 1181 379 1249 χρῶμα
394 1177 495 1234 πέδιλα
519 1179 573 1267 τοῦι
594 1176 863 1264 πηωτυβιστιαοίου,
887 1171 956 1264 ὅλην
977 1169 1085 1260 ἐκείνην
1106 1169 1161 1260 τὴν
1181 1171 1273 1228 νύκτα

167 1241 862 1404 σικυοὶ,ἐικκῐυκκέιακ
876 1244 1181 1386 sallustiani:
1195 1245 1273 1368 iu:

163 1389 357 1458 υτοδουμενοσ
371 1389 481 1444 aeduin.
730 1402 734 1411 ·

251 1474 318 1538 idid.
343 1495 370 1538 v.
389 1481 437 1542 17.
472 1469 626 1557 ffldrruov]
660 1475 723 1536 ood.
747 1474 849 1534 Boicus
878 1473 1016 1552 βλατίον,
1047 1471 1108 1532 aliis
1135 1465 1273 1558 βλοὶτιον.

165 1583 252 1642 saepe
267 1565 386 1624 occurrit
397 1563 427 1621 in
440 1561 495 1622 hoe
508 1568 537 1620 et
551 1562 580 1620 ia
598 1561 659 1621 aliis
677 1561 839 1639 posterioris
848 1559 909 1617 aevi
922 1557 1120 1637 scriptoribus3
1134 1577 1186 1616 neo
1200 1559 1270 1636 qaid

164 1653 221 1727 sit,
242 1649 323 1708 sacile
336 1647 475 1728 explicatu
488 1653 541 1708 est
562 1646 641 1726 prius
651 1648 775 1707 dicamus
789 1647 858 1722 quid
869 1645 907 1704 sit
917 1647 995 1724 apud
1010 1643 1145 1721 Latinos,
1166 1641 1270 1704 deinde

164 1737 203 1794 ad
215 1735 338 1794 Graecos
351 1735 503 1794 veniamus.
544 1732 652 1794 Severo
670 1733 701 1792 in
719 1732 788 1790 illud
805 1731 915 1793 Sidonii
935 1731 954 1790 l.
976 1733 996 1794 9
1016 1729 1099 1808 epist.
1122 1732 1175 1792 13:
1197 1735 1269 1790 ruti-
1390 1773 1391 1782 ι

166 1821 259 1900 Ιυιηυο
275 1825 347 1880 oeote
365 1820 483 1898 blattae,
502 1819 532 1876 id
553 1824 597 1877 est
620 1837 783 1898 purpuram.
825 1816 930 1876 Paulus
951 1814 1092 1874 Diaconos
1106 1815 1136 1873 in
1151 1814 1266 1894 glossis:
1390 1831 1391 1902 ζ

164 1905 254 1965 blatta
268 1924 358 1984 genus
375 1922 548 1986 purpureum
561 1904 669 1962 vermis.
690 1909 720 1960 et
735 1903 753 1960 l.
776 1903 818 1966 10
838 1903 900 1963 cod.
916 1904 954 1962 de
967 1900 1150 1978 Murilegulis.
1171 1921 1190 1960 a
1211 1921 1269 1980 qua

56 1993 80 2044 P
101 1995 151 2051 199
165 1990 291 2052 blatteae
308 1991 420 2053 tunicae
439 1987 603 2070 Capitolino
618 1995 649 2048 et
669 1988 810 2070 Voplsco‚
836 1993 868 2048 et
889 1988 1005 2048 blatteus
1025 1987 1102 2046 color
1117 1985 1228 2049 Isidoro
1248 1988 1266 2046 l.

165 2079 207 2143 12
217 2097 241 2135 e
255 2077 307 2137 ult
318 2081 348 2134 et
361 2076 379 2135 l
395 2075 434 2140 29
446 2096 470 2136 n
482 2075 539 2150 18,
552 2079 583 2134 et
596 2075 720 2154 tloltoJer
733 2080 855 2148 omno,
868 2071 924 2134 hoc
934 2078 979 2132 est
993 2091 1169 2152 purpureus,
1188 2073 1266 2153 apud

163 2163 285 2230 eundern
313 2161 468 2223 Sidonium.
510 2159 667 2223 venantius
691 2156 867 2220 Fortunatus
891 2159 909 2226 Ι.
937 2159 1068 2236 2apigr.
1102 2158 1198 2220 Serico
1220 2161 1267 2218 oui

157 2252 248 2310 'niodo
262 2254 366 2326 agnota
380 2253 419 2306 est
433 2248 534 2306 blatteo
544 2247 611 2313 telio.
632 2247 668 2305 de
683 2264 810 2324 purpura
825 2264 876 2304 seu
894 2262 1039 2325 purpurea
1052 2248 1132 2303 veste
1148 2243 1265 2321 intelligi

162 2333 266 2394 debore
276 2333 357 2395 testis
375 2338 420 2394 est
432 2331 586 2412 Eutropius
600 2332 630 2393 in
642 2330 773 2408 Nerone,
793 2332 860 2407 quin
873 2329 1115 2410 quodSuetonius
1131 2330 1185 2407 ait,
1206 2329 1265 2390 Ne-
1388 2373 1390 2410 η

125 2430 131 2442 ·
162 2437 261 2480 nonem
286 2435 414 2500 purpura
443 2436 583 2492 coccoque
609 2417 723 2477 funibus
748 2417 827 2476 nexis
851 2416 1008 2496 piscatum,
1033 2414 1088 2476 hoc
1110 2413 1265 2493 Eutropius
1389 2411 1390 2414 ’

163 2505 272 2577 diotteis
286 2503 364 2566 dixit.
387 2505 465 2582 apud
477 2499 672 2582 Lampridium
691 2502 721 2564 in
735 2501 923 2580 Heliogabalo
937 2501 1023 2580 funes
1041 2499 1129 2566 olona
1145 2508 1171 2562 et
1184 2507 1264 2562 serico

162 2592 266 2652 illarii.
286 2590 363 2651 unde
377 2589 584 2651 manuelem
596 2592 704 2648 vestem
720 2587 862 2668 accipiunt
875 2585 1002 2648 nonnulli
1021 2605 1086 2646 eom
1107 2605 1180 2662 quae
1196 2607 1264 2664 pur-

162 2675 244 2754 purei
257 2675 358 2734 eoloris
369 2681 453 2736 estet
466 2675 519 2735 filis
536 2674 627 2734 aureis
641 2674 750 2734 variata
760 2673 779 2732 l.
799 2675 840 2738 10
854 2693 877 2732 o.
896 2673 932 2732 de
954 2671 1136 2750 Mmssegdis.
1156 2677 1185 2730 et
1204 2673 1223 2730 l.
1238 2694 1261 2731 c.

163 2757 275 2820 Theod.
289 2763 352 2839 eod.
366 2760 435 2820 haec
444 2761 591 2820 Browerus
606 2765 704 2818 noster
716 2759 754 2820 ad
772 2757 949 2824 Venautinm.
970 2759 1049 2837 apud
1069 2755 1263 2819 Turonensem

163 2847 272 2904 Histor.
293 2845 393 2904 Fronc.
414 2849 435 2906 2
456 2847 497 2908 38
515 2847 616 2904 blattea
631 2849 722 2904 tanim
743 2845 804 2902 sine
828 2846 866 2902 du
886 2845 913 2903 io
935 2861 1078 2921 purpurea
1096 2849 1148 2901 est.
1172 2845 1201 2900 in
1220 2845 1262 2900 hi-

162 2932 252 2989 storia
271 2930 414 2988 Anastaeii
437 2932 473 2988 de
490 2930 562 2990 Vitis
585 2927 769 3006 Pontificum,
788 2929 817 2988 in
862 2928 980 3006 aschali,
1001 2929 1088 2989 habes
1108 2949 1208 2990 στασιοι
1231 2931 1262 2988 de

163 3016 281 3088 diullio,
300 3015 444 3094 periciysin
461 3015 493 3074 de
507 2999 620 3082 biotam
644 3032 715 3092 quae
728 3015 812 3076 etiam
825 3014 855 3073 in
878 3013 975 3072 Leone
990 3012 1034 3074 Ill
1054 3014 1166 3093 saepius
1185 3012 1261 3074 iuve-

160 3102 231 3160 nies.
255 3100 293 3160 ad
316 3099 523 3162 distinctionem
546 3095 660 3159 additur
691 3099 832 3160 interdum
859 3099 892 3160 de
917 3099 1016 3159 hlauta
1047 3097 1199 3178 Byzantio,
1230 3102 1262 3160 de

162 3185 260 3246 Μυσίου
274 3181 460 3266 Neapolitano.
481 3186 517 3246 de
530 3181 628 3248 Leone
640 3182 697 3242 Ill:
714 3184 785 3262 feeit
802 3190 897 3246 uatem
910 3183 1107 3263 chrysoclolmn
1116 3205 1151 3244 es
1165 3185 1261 3246 initia

160 3270 321 3349 Bpoonleo,
342 3271 475 3334 dolentem
491 3271 628 3336 dictoriam
647 3273 801 3339 natiuitatis
820 3277 846 3330 ei
870 3269 903 3330 S.
922 3269 1060 3330 Simeonis.
1081 3269 1129 3326 ubi
1145 3272 1261 3332 materia

161 3376 181 3416 a
200 3356 339 3434 Byzantio
363 3376 466 3424 nomen
480 3357 581 3426 sortita
599 3355 732 3423 inuuitru.
754 3356 822 3433 quid
838 3354 960 3416 Graeoii
980 3354 1171 3416 Glossarium:
1191 3352 1259 3436 fild.

160 3465 227 3506 τιον
243 3443 338 3509 blatto.
381 3441 544 3510 Attuarios:
566 3435 704 3523 βλάστεον
723 3435 889 3518 Βυζάντιον
905 3435 1016 3506 ὀστοῦν
1030 3445 1085 3520 τῆς
1105 3436 1190 3519 ῥινὸς
1205 3445 1259 3519 τῆς

161 3533 332 3605 πορφυρᾶς.
354 3529 443 3589 blatto
462 3529 602 3609 Byzantia
625 3533 664 3588 ot
687 3547 715 3584 oo
741 3547 774 3588 ox
798 3548 863 3586 υοιο
884 3546 1024 3606 purpurae.
1043 3545 1147 3606 saepe,
1167 3525 1259 3603 inquit
1318 3585 1321 3594 ,
1388 3523 1389 3540 ’

161 3612 352 3692 Glossarium,
387 3615 507 3674 oocurrit
540 3613 617 3696 apud
645 3612 785 3672 Codinum
809 3611 940 3672 Nicetam
964 3613 1132 3670 Ceolrenum.
1174 3631 1260 3691 saepe

160 3699 295 3776 occurrit,
315 3700 418 3760 fateor:
436 3701 487 3760 sed
501 3719 568 3767 num
581 3717 691 3776 semper
707 3716 742 3758 en
755 3716 839 3775 quam
853 3715 887 3762 ex
905 3695 1039 3757 Actuario
1057 3697 1142 3756 affers
1172 3697 1259 3776 sigui-

158 3783 311 3844 ficationel
328 3801 414 3862 quare
425 3804 483 3844 non
497 3785 614 3866 exponis
627 3784 697 3859 quid
705 3784 745 3842 sit
758 3783 886 3844 absolute
899 3777 1040 3875 βλάττιον
1050 3789 1080 3842 et
1093 3778 1259 3861 pilnrovov?

158 3870 239 3948 opud
250 3870 390 3930 Codinum
403 3876 480 3930 certe
497 3890 556 3932 non
567 3874 663 3948 poiest
676 3887 739 3928 esse
755 3889 784 3928 oo
799 3872 862 3927 σου·
873 3887 1016 3948 purpurae.
1042 3866 1172 3927 nimirum
1185 3868 1259 3928 auti-

160 3973 248 4029 qaum
271 3960 368 4015 tenes:
399 3957 497 4016 abdita
517 3956 607 4033 fugis,
636 3953 719 4014 obvia
743 3959 774 4014 ei
796 3954 922 4032 vulgaria
945 3953 1110 4032 plerumque
1135 3955 1259 4013 sectaris.

160 4038 339 4102 Theodosius
359 4040 528 4122 Zygomalas
546 4041 677 4116 ,Graecus
704 4040 734 4098 in
755 4040 876 4120 epistola
893 4040 1016 4116 quadam
1037 4038 1260 4118 Tureograeciae

158 4125 266 4187 inserta
284 4149 313 4210 p.
332 4129 372 4192 99
385 4129 491 4210 βλατία
504 4129 601 4211 χρυσοῖ
617 4123 670 4190 καὶ
683 4118 829 4206 diriperes
849 4125 898 4186 ubi
913 4124 1030 4183 Crusius
1048 4125 1161 4200 giildr'ne
1181 4125 1259 4187 strici·

156 4211 213 4268 uad
227 4211 341 4274 damnat.
382 4213 496 4276 Alesios
515 4214 677 4272 Comnenuo
690 4213 822 4274 mittebat
836 4231 870 4271 ex
886 4215 971 4291 paeto
991 4209 1115 4270 Heurico
1134 4209 1176 4268 lV
1198 4211 1258 4286 regi

76 4361 78 4368 ¹
157 4301 188 4354 et
208 4297 369 4377 imperatori
381 4300 441 4379 ΙΙΙ,
462 4305 574 4381 praeter
597 4295 744 4377 plurimam
762 4296 924 4380 pecuniam,
944 4291 1049 4360 ἒκαιόυ
1064 4297 1203 4376 βλαττία,
1227 4304 1260 4356 ut
