2802 4686
493 299 541 370 ΙΝ
559 301 710 374 ’ΌΟΒΙΝΙ
737 303 822 372 CAP.
848 303 875 376 1.
1168 303 1242 378 157

140 471 205 552 quu
230 462 349 546 tmtu‚'
374 465 453 529 cuiue
477 467 564 530 etiam
587 465 694 530 Citrine
719 469 853 531 meminit
874 466 971 531 lentos
994 467 1024 529 lu
1044 465 1132 528 echol.
1159 479 1240 534 coto·

138 553 272 636 mutiat,
292 557 342 636 qai
360 553 504 616 ccnmtbur
531 549 703 636 cffltodoltbot
729 561 756 617 tt
779 555 844 616 ultis
868 555 987 633 legenda
1007 556 1158 635 praefectus
1186 563 1244 625 crte

139 644 217 702 cuius
230 644 273 703 tel
287 639 446 720 exemptum
459 639 581 703 habetur
595 661 618 701 a
636 645 656 706 6
672 645 703 700 et
723 643 772 706 15.
787 658 884 701 vuum
903 641 934 701 in
949 640 1044 722 priore
1058 641 1121 700 loco
1134 650 1195 700 nou
1211 641 1245 704 tib

89 741 92 751 ¹
138 728 246 791 mentio
267 728 539 808 protoconouorcloe,
568 725 620 786 sed
644 727 851 807 canonarchae,
876 727 924 804 qui
950 725 1009 784 duo
1032 726 1152 804 diversi,
1171 727 1245 786 aient

138 809 350 896 protonotarius
363 817 395 870 et
409 813 544 872 uetadun
564 811 652 872 verba
676 812 781 872 Codini
796 831 826 891 p.
846 810 889 876 46
913 808 1023 874 llaec
1039 817 1121 872 aunt:
1142 811 1245 890 legitur

129 919 158 960 a
177 897 353 958 canonarcha
368 897 438 956 illud
456 894 674 978 πολυχρόνιον,
695 897 850 958 diuturnum
870 895 966 976 faciut
979 898 1045 956 mm
1056 903 1176 958 tondum
1196 899 1245 958 im·

135 988 240 1064 mum
257 989 333 1043 mom
352 984 383 1042 irc
405 982 503 1042 multoc
524 1003 624 1042 aanor:
651 982 738 1059 idque
758 983 842 1043 tertio
870 981 961 1061 repeti
988 981 1062 1041 dicit
1090 987 1172 1040 estne
1198 981 1244 1040 hic

138 1089 232 1128 cumo
259 1069 297 1127 de
314 1068 556 1150 protomaomrclo
580 1085 618 1126 an
641 1066 678 1126 dc
698 1065 883 1127 conmarchcl
907 1066 1045 1126 diciturne
1067 1067 1156 1147 ipsine
1182 1085 1246 1126 ease

116 1193 118 1196 -
139 1153 235 1232 legere
253 1159 316 1213 octo
332 1152 460 1233 synodico
479 1157 509 1212 et
534 1151 590 1212 alia
606 1152 689 1212 huius
707 1151 840 1230 generiss
861 1157 943 1212 estne
963 1153 1058 1212 aucta
1076 1153 1125 1212 iha
1142 1170 1245 1231 appre-

139 1241 214 1299 catio
230 1237 383 1300 daromam
389 1239 485 1317 faciut
500 1241 637 1317 imperium
652 1245 728 1297 tuom
742 1244 794 1298 etc.
810 1251 901 1297 canon
917 1237 1061 1316 synodalis
1069 1280 1080 1319 ,
1100 1244 1134 1299 ut
1147 1237 1246 1296 Iunius

90 1383 91 1390 ,
139 1321 287 1400 loquitur?
306 1323 497 1382 multominus
510 1319 541 1381 id
554 1323 676 1383 alterna
691 1321 774 1382 Innio
787 1325 874 1383 citato
891 1321 953 1382 loco
972 1343 1000 1403 p.
1019 1329 1062 1390 82
1082 1323 1103 1388 4
1122 1323 1252 1402 reperire

138 1409 222 1488 licat,
242 1408 290 1466 ubi
306 1409 414 1468 nullum
425 1407 542 1468 verbum
557 1429 609 1468 nec
622 1410 658 1468 de
673 1409 849 1468 canonarcha
861 1428 914 1469 nac
929 1411 965 1468 de
976 1408 1244 1487 protocanouarcha.

138 1496 191 1553 aed
205 1493 301 1553 Iunius
318 1500 454 1572 uuquam
471 1513 570 1554 caecus
586 1496 616 1554 in
640 1495 685 1552 hie
705 1496 952 1556 ecclesiasticarum
968 1495 1143 1554 functionum
1159 1513 1244 1553 voca-

139 1579 212 1638 bulis
228 1579 396 1659 oberrabat,
413 1585 444 1644 et
466 1581 618 1640 dummodo
641 1579 747 1656 aliquid
766 1583 888 1661 dicaret,
910 1580 991 1641 facile
1007 1599 1039 1640 se
1063 1582 1242 1643 inventurum

138 1665 224 1725 fidem
244 1663 433 1726 arbitrabatur
449 1667 527 1747 apud
550 1665 613 1726 illos
638 1667 687 1744 qui
704 1672 816 1746 praeter
836 1667 1032 1748 praedicantes
1049 1673 1080 1727 et
1098 1667 1242 1726 ministros

136 1751 216 1812 verbi
230 1749 299 1810 nihil
311 1757 425 1812 norunt

226 1883 299 1953 Quis
309 1883 397 1961 igitur
406 1881 665 1962 protoeouooorclo,
682 1888 713 1944 et
726 1884 801 1943 unde
813 1882 868 1943 hoc
884 1880 1009 1944 nomen?
1024 1890 1147 1963 exponet
1160 1884 1243 1944 uobis

138 1969 195 2030 hoc
210 1969 354 2046 Zonaras,
375 1968 466 2044 quiin
480 1967 685 2028 commentariis
705 1987 790 2048 super
806 1988 929 2028 canonae
946 1969 1132 2028 Anaetaeinoe
1158 1969 1244 2030 Ioan-

138 2055 185 2116 nis
209 2054 378 2114 Damasceni
398 2052 440 2118 ita
459 2059 679 2114 commentatur:
705 2073 790 2114 conon
810 2054 927 2130 dicitur,
946 2057 1011 2133 quio
1026 2056 1199 2134 praefinitam
1220 2061 1247 2114 et

140 2159 231 2202 novun
247 2141 304 2199 odic
319 2142 542 2216 abmonenbtnm
554 2139 633 2198 lohet
642 2139 795 2217 periodum,
813 2144 846 2197 ut
860 2140 954 2198 videre
969 2139 1056 2198 estin
1074 2139 1247 2200 Graecorum
1326 2165 1328 2174 ¹

139 2224 288 2287 ritualibus
301 2223 387 2284 libris.
407 2223 445 2290 ab
459 2223 503 2282 his
515 2224 603 2302 igitur
616 2223 768 2283 canonibus
783 2226 860 2303 apud
877 2224 1001 2284 Graecos
1016 2243 1136 2302 magnae
1149 2231 1248 2287 aucto-

139 2311 233 2372 ritatis
250 2315 282 2370 et
292 2310 504 2370 existimationis
517 2311 780 2389 prdocoaonorchm
802 2316 834 2368 et
854 2311 903 2386 qni
922 2311 977 2370 aab
998 2310 1045 2369 illo
1065 2317 1142 2390 erat,
1162 2330 1248 2370 cona

140 2398 247 2458 nocebo
262 2413 366 2457 nomeu
377 2400 538 2454 traxenmt:
558 2395 685 2474 ipsorum
704 2396 777 2453 enim
801 2401 864 2454 erat
881 2413 1003 2454 canonas
1019 2397 1108 2473 istos,
1131 2397 1248 2473 quando

141 2483 172 2542 iu
185 2479 301 2541 ecclesia
312 2481 481 2540 decantandi
493 2486 587 2559 erant,
603 2479 735 2538 inchoare
746 2486 777 2539 et
793 2481 907 2561 reliquia
928 2483 1009 2561 quasi
1025 2483 1142 2564 praeire.
1171 2481 1247 2562 hinc,

141 2573 174 2629 et
187 2587 247 2628 non
259 2567 388 2646 aliunde,
402 2565 457 2626 hoc
470 2585 574 2626 nomen
588 2562 724 2644 originem
736 2566 822 2626 ducit.

143 2721 306 2860 ,ttttimlii
325 2703 705 2830 tltttttlttttntt
720 2705 882 2828 ltalia
900 2705 1247 2847 tllsslttf'ttttstt

141 2845 311 2966 tltlttlt
330 2842 1247 2968 ltttltnltttttttlttlltttttlltlltllllh
1270 2911 1276 2924 ·

143 2932 258 3037 obtulhm
277 2929 464 3052 minuendis,
488 2983 648 3036 canonarcha
665 2984 773 3052 troparii
792 2981 868 3035 unium
888 2987 1013 3037 commota
1033 2985 1170 3038 succerda
1193 2985 1247 3040 alta

143 3068 209 3104 voca
226 3052 317 3104 dextro
336 3052 414 3106 choro
434 3052 557 3123 primum,
588 3059 643 3105 tum
660 3051 768 3104 alteriue
785 3051 892 3122 troparii
908 3053 952 3105 vel
977 3054 1096 3123 cnaphea
1119 3062 1245 3108 commata

143 3121 223 3175 choro
239 3119 331 3187 altori,
347 3138 397 3174 non
415 3121 559 3192 interrupto
577 3127 668 3187 cantu,
684 3121 814 3190 suggerite
838 3137 870 3174 ac
886 3120 924 3174 ita
939 3118 1055 3190 fungitur
1071 3123 1159 3175 officio
1174 3123 1244 3194 qnod

142 3196 185 3243 eat
196 3195 396 3258 tormentata,
412 3209 539 3244 emortum
551 3189 670 3244 videlicet
686 3189 905 3244 decantandorum
923 3191 1030 3262 cingulo
1052 3195 1132 3246 uerbo
1150 3201 1177 3246 ct
1194 3211 1243 3262 pc·

141 3260 551 3387 :ggffwwmhrffiuedenter
562 3260 596 3314 ob
611 3259 734 3314 librorum
751 3259 880 3314 delectum
897 3275 1056 3332 cuggcrcro,
1076 3269 1104 3318 ct
1117 3279 1168 3332 quo
1181 3271 1243 3318 tono

230 3450 357 3521 Quartus
373 3457 418 3510 eet
433 3449 570 3533 ἔξαρχος,
589 3449 735 3528 exarchus,
752 3449 810 3514 duc
824 3451 947 3532 qudem,
966 3449 1060 3528 inquit
1082 3447 1198 3530 Iunius,
1220 3457 1246 3519 et
1302 3465 1311 3484 ·

139 3557 249 3618 praem
259 3538 570 3596 mt'ot'rtroramacclcrc'oe
586 3541 617 3596 t'n
631 3536 781 3596 adiunctio
795 3537 959 3615 ungulorum
969 3538 1112 3618 sanctone
1130 3546 1156 3597 et
1166 3541 1250 3597 mini-

143 3627 231 3682 sterio.
252 3621 365 3681 fallitur.
386 3623 487 3681 rectius
501 3623 531 3680 in
543 3620 682 3700 Tarcogr.
699 3621 748 3682 fol.
767 3623 828 3687 192
844 3623 978 3684 exarchus
996 3623 1104 3702 legatur
1115 3627 1250 3682 coinco-

143 3712 202 3767 τίω
219 3707 393 3788 patriarchae
410 3714 460 3768 not
487 3708 679 3786 metropolitae,
703 3711 774 3768 sicot
795 3728 842 3767 nor
862 3709 980 3787 legatum
1000 3707 1251 3790 apostolicaesedis

144 3794 266 3854 eluimur.
291 3799 322 3853 et
342 3793 392 3851 fol.
413 3797 475 3856 293
496 3793 597 3852 dicitur
618 3793 753 3852 exarchos
774 3795 876 3853 missos
900 3796 938 3855 ad
954 3795 1140 3874 colligendum
1158 3792 1250 3854 subsi-

144 3879 223 3938 dium
243 3897 296 3958 pro
316 3878 468 3958 pendendo
488 3877 591 3938 Tuccia
617 3879 742 3939 tn'buto:
768 3878 873 3938 habere
889 3882 975 3940 etiam
998 3885 1171 3960 potestatem
1194 3881 1251 3943 cori

145 3958 258 4046 α”ργοΰς
270 3969 370 4026 ποιεῖν
390 3964 443 4027 rtcl
464 3955 637 4048 ἄφορίζειν,
653 3963 784 4046 privandi
798 3965 882 4044 euticio
902 3967 1078 4026 ecclesiastico
1099 3971 1125 4024 et
1145 3980 1249 4024 cncom-

144 4049 318 4126 montanai,
340 4041 379 4112 δι’
394 4043 535 4132 εὐλόγους
553 4051 659 4124 αἰτίας.
677 4051 746 4110 item
762 4051 805 4108 ius
819 4049 983 4111 absolvendi
1003 4051 1196 4130 poenitentes;
1218 4053 1249 4106 et
1286 4095 1288 4098 .

144 4135 256 4193 adhoc
275 4135 396 4214 propriis
416 4133 521 4214 litorio,
545 4155 616 4213 quus
637 4133 841 4217 συγχωρητικά
868 4129 1027 4219 γράμματα
1050 4129 1210 4213 appellant,
1230 4151 1249 4191 a

145 4219 304 4299 patriarcha
318 4221 503 4282 instruuntur.
524 4221 573 4283 fol.
583 4223 646 4286 219
661 4221 718 4281 duo
733 4223 912 4284 nominantur
925 4218 1122 4301 patriarchales
1136 4217 1247 4276 exarchi

19 4371 25 4387 ι
144 4307 204 4366 rino
220 4312 251 4367 et
267 4307 368 4371 eodem
385 4313 532 4392 tempore,
551 4307 601 4390 qai
623 4311 655 4368 et
676 4307 818 4368 interdurn
838 4307 953 4390 rumolt
975 4305 1013 4366 de
1029 4303 1149 4368 marcho
1167 4302 1247 4382 nihil,
