2798 4690
475 308 523 380 IN
545 309 692 380 conlui
719 308 802 381 CAP.
827 307 922 382 xlv.
1154 313 1230 384 331

129 468 283 534 ΔἸοοδοιίοιο
297 467 571 542 mansionum
587 475 637 531 eto.
667 472 733 527 teria
756 476 848 594 qporto
863 473 955 550 iterun
971 471 1073 528 lucem
1089 487 1230 543 cereosque
1257 493 1259 502 s

139 539 319 623 spargit‚'iros
336 535 352 594 ὁ
368 534 437 601 nate
451 537 503 604 saie
517 545 611 626 gripun
631 537 715 595 naiton
734 535 770 596 in
803 537 835 596 sd
860 543 911 611 τῆς
937 541 1063 609 νηστείας
1085 537 1230 609 odpsodao'-

139 607 212 680 μήοῃ
229 611 362 677 sarturae,
380 607 429 662 nul
444 605 497 678 τὴν
512 627 600 664 ransc
617 609 672 663 coir
688 605 775 680 ἁγίων
791 612 895 664 παθῶν
910 609 964 665 rori
978 611 1099 676 Χριστοῦ
1109 607 1231 680 λαμπάσι

139 673 357 748 uncunnpoericp.
379 683 469 730 sancto
486 678 528 732 die
546 678 658 748 paschae
676 678 811 748 persolutis
828 679 956 733 matutinis
977 677 1093 748 precibus
1110 681 1231 750 populum

140 763 236 800 omnem
254 746 286 800 ad
304 752 416 799 nannum
440 747 552 800 osculnm
571 764 650 817 supra
673 749 825 817 descriptum
849 747 956 817 excipit,
981 763 1013 799 ac
1038 747 1111 800 simul
1134 749 1231 802 minuta

140 831 217 880 aera,
232 809 385 882 τρικέφαλοι
402 815 442 899 οἰ).
452 816 527 898 trium
540 817 720 900 imperatorum
736 817 808 902 simul
826 816 985 883 regnantium
1008 815 1119 900 effigient
1137 817 1232 900 iis'im·

139 899 253 1012 titt?
260 879 1232 1040 introiit*„ttitttttttltttttt'titstttitoititt

140 1015 361 1088 iurisperitorum,
375 1013 406 1073 iu
421 1017 489 1087 epot'
509 1038 554 1073 aaa
571 1015 641 1092 ἁγίῳ
658 1023 810 1089 περιχαρῶς
823 1019 1042 1088 καταοποὶζεται,
1059 1018 1108 1074 nul
1118 1017 1236 1090 taragna

139 1083 205 1148 roric
221 1083 383 1156 θηοαορούς
398 1090 447 1156 τῆς
462 1106 475 1142 e
493 1088 587 1157 topice
604 1085 692 1144 nitori
716 1089 855 1154 δεξιοῦται
876 1083 977 1150 adroic
991 1087 1154 1157 νομίσμασιν
1170 1085 1228 1143 tat-

139 1174 199 1278 ppsle
214 1151 265 1223 pin
280 1151 602 1282 κοῆὰᾱίτῐὸιφοὲιορμενοο)
616 1160 730 1221 πολλοῖς
750 1153 871 1280 (imezi
888 1152 1121 1279 c:impporiplasnpn.tc
1115 1158 1180 1278 hosp
1196 1175 1230 1242 ex

140 1240 403 1364 Gbffilolequilrusz
416 1243 442 1348 bi
459 1243 605 1350 gompeoaetuulll
618 1243 844 1365 {lllllsgabplaubsrls
866 1244 1012 1376 :turcetil
1019 1243 1230 1365 ιῗιῖιίἰὲοο·ιοι·οἳπῗἶ

140 1377 182 1414 res
205 1361 240 1413 ad
263 1362 358 1435 regiam
382 1359 554 1429 παράστασιν
577 1363 715 1434 ciliciaque
737 1363 911 1420 molesiastics
934 1363 965 1417 iis
987 1363 1077 1416 diebus
1099 1371 1126 1416 ct
1140 1365 1229 1416 iisdem

140 1427 208 1481 horis
235 1429 267 1482 ad
287 1430 409 1501 palatium
431 1433 626 1498 convenientes,
647 1449 696 1485 nec
718 1431 778 1487 doto
801 1431 925 1488 tacerel
948 1431 1033 1484 osculo
1052 1448 1068 1484 a
1084 1432 1229 1503 patriarcha

139 1505 287 1621 prerlccptor²1¹
292 1517 324 1622 etp
339 1499 388 1582 ium
404 1517 512 1624 sccerppo
513 1501 679 1640 1'perpprertgnis
693 1499 736 1623 {pr
744 1502 863 1624 precipuus
886 1500 1020 1567 honorum,
1042 1516 1076 1554 us
1092 1500 1136 1554 vel
1151 1500 1231 1570 pretii

207 1584 261 1630 ‚ene
289 1585 302 1621 c
324 1585 379 1623 cun
393 1587 470 1640 spera
602 1587 627 1622 rr
646 1586 693 1623 sau
753 1587 810 1624 exon
827 1585 888 1628 usa

223 1673 258 1732 ab.
275 1691 301 1731 v.
317 1676 367 1736 20.
388 1675 555 1736 recentiores
574 1674 676 1734 Graeci·
694 1673 865 1736 adulatoriae
882 1673 950 1734 artis
964 1691 1022 1730 uon
1038 1674 1157 1752 imperiti
1177 1693 1230 1735 suo

138 1757 301 1834 imperatori
324 1759 409 1817 ferme
431 1760 524 1818 omnia
540 1760 624 1818 etiam
634 1759 812 1838 ‘episcopalia
832 1764 862 1814 ct
877 1757 1060 1815 sacerdotalia
1073 1758 1167 1816 munia
1179 1761 1230 1817 tri-

140 1841 279 1919 buerunt,
305 1841 379 1901 inter
398 1850 508 1903 caetera
525 1844 682 1922 ingressum
702 1845 739 1901 ad
764 1844 852 1902 altare
874 1842 963 1900 etius
984 1861 1092 1900 sacram
1107 1841 1231 1902 mensam

139 1930 203 1983 ture
219 1927 388 2005 vaporandi,⁴
408 1929 520 1988 condito
538 1929 622 2011 efiam
641 1945 782 1988 cananea
804 1925 938 1986 Trullano
965 1927 1111 2004 synedrio,
1139 1932 1169 1985 et
1187 1933 1232 1986 est

140 2029 231 2070 canon
248 2013 296 2075 69.
330 2013 411 2088 ,nulli
421 2017 534 2074 cronium
544 2015 640 2086 liceat,
661 2017 709 2091 qui
721 2013 822 2091 patmon
832 2016 868 2070 sit
880 2015 910 2072 in
923 2011 1052 2070 laicorum
1066 2029 1178 2086 nunno,
1188 2016 1230 2071 in·

140 2102 186 2156 tra
202 2115 307 2156 sacrum
324 2097 412 2156 altare
425 2098 532 2174 ingredi
535 2143 545 2174 ,
573 2099 609 2158 ab
624 2117 653 2156 eo
666 2104 754 2156 tamen
772 2114 934 2178 nequaquan
953 2095 1088 2174 prohibita
1103 2103 1234 2174 potestate

141 2187 167 2239 et
182 2185 343 2240 aumontate
359 2186 536 2262 inperatoris,
557 2183 661 2263 pando
677 2181 779 2259 quidun
794 2181 906 2242 uoluerit
927 2183 1041 2239 creatori
1055 2180 1123 2239 dura
1144 2181 1235 2258 offerre

141 2284 174 2324 ec
195 2269 380 2346 antiquissima
401 2269 552 2328 traditione.
592 2267 641 2326 ubi
658 2267 820 2326 Balsamon:
848 2267 880 2326 de
893 2267 1092 2346 imperatoribus
1109 2265 1236 2326 dicerunt

142 2349 249 2428 quidam
263 2353 348 2412 uerbis
373 2356 478 2414 canonos
494 2357 656 2427 insistentes,
683 2351 753 2430 qaod
779 2357 841 2411 tunc
864 2371 917 2410 non
935 2351 1139 2430 probibebuntnr
1161 2355 1235 2411 intra

141 2435 233 2512 ternpli
258 2436 344 2516 adyta
359 2437 467 2514 ingredi
479 2439 586 2517 quondo
604 2443 667 2518 sunt
682 2437 730 2496 deo
746 2455 853 2496 nenena
872 2436 1005 2510 oblaturi,
1033 2455 1086 2495 nan
1101 2441 1193 2495 autern
1209 2440 1236 2496 si

142 2519 224 2578 soiius
247 2521 412 2580 admatianis
440 2526 533 2600 gratis
558 2526 642 2603 rpsurn
670 2521 776 2598 ingredi
799 2520 937 2580 aolunint.
980 2521 1025 2580 sed
1044 2520 1111 2579 mibi
1124 2541 1175 2580 non
1192 2523 1234 2580 ita

140 2603 255 2668 videtur.
298 2607 438 2670 orthodoxi
452 2611 519 2668 crim
535 2610 719 2686 imperatorer,
739 2608 785 2685 qui
789 2626 838 2686 par
856 2605 887 2664 S.
899 2608 1031 2664 trinitatis
1045 2597 1233 2665 invocationem

136 2690 309 2768 patriarclen
326 2693 474 2770 monebunt
490 2697 516 2752 et
534 2698 596 2752 sont
620 2691 722 2752 Christi
741 2690 857 2762 dornini,
887 2695 943 2748 sine
965 2687 1021 2748 ullo
1043 2690 1232 2767 inpedimenta,

142 2775 246 2854 quanda
260 2776 406 2853 aunan,
435 2778 594 2838 adsacrum
614 2777 701 2836 altare
719 2775 846 2835 cormunt
869 2780 896 2834 ot
918 2773 1026 2851 suffiunt
1047 2779 1073 2832 et
1095 2792 1153 2831 curn
1174 2793 1234 2832 cera

141 2860 315 2920 characterem
331 2865 498 2940 inprimunt,
520 2865 590 2921 sinet
606 2867 631 2920 et
645 2863 788 2922 cntntitas.
829 2856 875 2919 sed
890 2862 969 2918 οίίοοι
984 2858 1110 2936 papoleno
1124 2857 1161 2916 ad
1176 2877 1235 2916 eum

141 2947 330 3006 instituendum
347 2947 454 3016 docente
476 2945 545 3026 pund
560 2946 623 3005 salis
635 2945 711 3004 illius
724 2947 838 3022 regionis
851 2944 1016 3003 nubentibus
1028 2961 1170 3000 concessum
1186 2947 1233 3000 est.

141 3029 257 3110 palpum
268 3049 336 3109 ergo
351 3032 462 3110 egregie
478 3032 603 3092 obtrudit
622 3031 773 3090 Balsamon
786 3028 965 3109 imperatori3
985 3032 1015 3085 et
1027 3025 1151 3086 habebat
1166 3026 1234 3085 sacti

140 3113 185 3170 sui
206 3133 320 3191 causas,
348 3119 414 3191 qaia
435 3116 576 3176 ambiebat
594 3115 813 3195 patriarchatum
833 3113 1029 3192 Cpolitanum‚
1061 3113 1138 3171 cuius
1161 3110 1235 3169 obti-

142 3197 228 3256 nendi
244 3217 301 3256 non
316 3201 470 3277 apparebat
485 3202 581 3260 melior
600 3202 672 3259 ratio
691 3219 775 3276 quam
797 3204 830 3256 ut
845 3218 897 3276 per
914 3195 1117 3257 assentationes
1133 3213 1195 3254 sese
1205 3195 1234 3253 in

142 3300 251 3340 summa
266 3285 357 3360 gratia
373 3285 451 3363 apud
467 3285 661 3363 imperatorem
677 3288 804 3362 poneret.
844 3284 896 3341 sed
917 3281 1028 3360 vulpes,
1056 3280 1168 3339 tametsi
1186 3299 1234 3339 va-

142 3367 203 3443 fra,
226 3365 262 3425 ab
280 3367 339 3426 aliis
355 3387 444 3444 aeque
458 3370 543 3428 vafris
559 3367 689 3446 vulpibus
703 3369 801 3426 delusa
813 3373 866 3424 est„
908 3367 985 3424 cuius
1004 3365 1041 3422 ol)
1058 3365 1163 3423 desitas
1185 3385 1235 3424 an-

142 3470 213 3510 nuas
231 3471 314 3530 rogas
330 3458 360 3510 et
375 3453 547 3530 pecuniarias
564 3451 725 3529 largitiones
744 3451 811 3511 autb
827 3469 933 3526 quaeso
954 3449 1181 3510 lamentationem
1201 3469 1236 3509 ex

142 3536 263 3614 epistola
285 3537 321 3594 de
341 3537 465 3597 lucensis
483 3538 502 3600 1.
523 3537 632 3603 ilaris
652 3536 716 3596 GR.
757 3537 925 3595 cetrinirnam
943 3553 1077 3594 sacrorum
1093 3538 1241 3615 imperato-¹

142 3639 203 3680 rum
223 3625 471 3700 drcumspectionem
489 3629 516 3684 et
532 3622 748 3702 patriarcharum
769 3619 968 3698 amplitudinem
988 3623 1055 3679 inter
1070 3621 1128 3680 alia
1144 3621 1235 3680 reddr-

143 3707 208 3764 bant
232 3706 292 3766 olim
317 3713 495 3784 augustiorem
522 3712 603 3768 etiarn
631 3727 737 3767 annum
765 3725 846 3782 rogae
872 3724 905 3763 ac
926 3705 1042 3764 baiarum
1065 3705 1233 3782 largitiones.

144 3795 240 3869 quippe
255 3791 467 3853 serranianus
482 3793 595 3870 singulis
611 3795 735 3870 cuiusque
748 3793 868 3869 ternpon's
881 3790 1052 3867 patriarchae
1069 3811 1104 3850 ac
1119 3793 1232 3868 impera-

143 3882 226 3950 torer,
246 3882 272 3934 et
280 3895 328 3954 per
341 3878 405 3938 baec
418 3879 535 3938 subditos
550 3878 587 3937 ad
605 3877 804 3936 baseuolentianr
822 3876 982 3935 inuitabant.
1024 3876 1096 3935 navit
1114 3875 1161 3932 boc
1180 3894 1233 3952 pa-

144 3966 214 4020 trum
233 3965 434 4040 concupierunt
454 3965 630 4041 amplissimus
651 3961 728 4036 mdo,
753 3980 787 4020 ac
801 3959 930 4039 fortassis
948 3964 1028 4019 etiarn
1048 3959 1171 4018 nonnulli
1187 3960 1236 4036 qui

145 4045 196 4102 bac
211 4052 300 4104 aetate
314 4054 404 4107 nostra
418 4052 522 4108 uiuunt.
564 4049 695 4107 nonenim
712 4053 774 4105 arcte
788 4051 903 4124 ternpore
915 4043 1042 4104 Euclidis
1051 4043 1159 4120 prodita
1172 4047 1234 4100 sunt

144 4132 245 4204 gerris,
266 4151 312 4189 nec
325 4136 509 4195 sarnniantiurn
529 4133 677 4193 notularum
692 4130 813 4208 fabellae
835 4136 913 4202 sunt,
935 4129 982 4187 sed
998 4147 1080 4204 usque
1099 4127 1135 4185 ad
1153 4128 1234 4204 irnpe-

143 4215 214 4271 riurn
231 4214 329 4274 donini
344 4219 510 4278 Constantini
522 4219 615 4277 Dusae
632 4216 740 4276 durant
753 4219 886 4291 augustus
901 4213 947 4271 illc
960 4230 1014 4269 snas
1027 4215 1082 4268 tans
1102 4213 1131 4268 in
1150 4214 1235 4289 ipsius

146 4297 191 4356 dei
207 4317 286 4376 quarn
303 4304 486 4385 inperatonnn
504 4300 595 4384 regia·
616 4307 642 4363 ct
664 4301 873 4362 mutuabantur
889 4296 1045 4358 bacadnas
1062 4313 1160 4376 i¹⁴⁰l2t⁶
1170 4317 1234 4377 ΡΝ·
