2798 4690
172 277 246 350 326
331 273 608 348 auuusuuluu
623 273 757 345 Gonni
767 271 1101 346 'COMMENTARIUS
1138 283 1142 292 '

171 463 243 524 opus
267 437 402 525 pluribus
447 445 565 522 ipsemet
588 440 685 500 Iunius
706 457 738 498 ee
761 439 877 516 refellit,
906 440 954 517 qni
972 437 1041 498 haec
1060 459 1088 519 p.
1110 438 1182 504 826.
1209 443 1273 519 τῆς

171 529 366 610 diffundor,
386 528 416 588 id
435 535 473 586 eci
489 529 566 587 ducis
583 531 658 598 oioc,
676 531 769 584 stoico
788 524 849 603 fecit
872 531 951 584 extro
965 526 1101 604 puteaco
1122 525 1216 604 (boli,
1237 530 1271 585 in

171 616 266 694 tarpio
280 620 306 673 et
321 615 477 672 monasterio
495 612 591 689 nobili,
612 610 682 688 quod
697 609 819 689 tenplum
835 609 960 670 Zonotor
972 605 1049 671 ναδν
1060 611 1123 670 τῶν
1137 607 1269 694 ὁδηγῶν,

171 703 201 760 iu
214 702 321 776 irnperio
334 695 379 756 Ft.
394 693 554 768 Michaelis,
576 692 741 774 Nicephorius
761 696 895 770 Gregoras
913 694 934 753 1.
957 696 992 756 11
1008 697 1192 756 emmenum
1204 695 1269 756 Ho-

171 785 317 860 dcgetrium
337 782 491 860 appellavit.
534 781 675 839 abactor
688 780 779 838 diebus
791 781 820 838 io
833 777 967 858 polub'con
979 778 1153 857 inserebatur.
1194 780 1268 840 haec

153 868 224 934 ,ille
266 871 298 926 at
316 867 384 940 quid
401 866 500 924 clarius
519 883 605 943 quam
624 863 759 942 templum
782 863 987 940 Hodegetrium
1009 881 1067 923 uon
1087 864 1173 923 finisse
1193 871 1268 924 tem·

168 951 247 1032 plum
261 949 495 1010 Blacherniensei
535 949 631 1008 scribit
652 947 834 1024 Pachymeres
854 947 901 1007 lib.
920 953 942 1012 7
962 948 1114 1026 imaginem
1132 950 1267 1029 deiparae

169 1056 221 1116 per
235 1037 295 1095 dies
309 1035 464 1112 complures
477 1033 642 1093 lacrimasse.
685 1051 822 1110 quaenam
835 1033 903 1092 baec
917 1031 1031 1110 imago?
1047 1051 1115 1092 num
1129 1033 1265 1112 Hodege·

171 1119 265 1180 triae?
284 1139 351 1179 num
365 1117 551 1199 Nicopoeaei
591 1124 620 1177 et
634 1119 711 1197 apud
725 1118 846 1178 eundem
858 1115 1056 1196 Pocbymerem
1075 1118 1094 1177 l.
1113 1121 1148 1182 11
1169 1119 1264 1198 imago

169 1211 224 1286 τῆς
242 1209 445 1287 φωταγωγοῦ,
466 1203 580 1280 virginis
594 1202 676 1262 lucem
691 1202 854 1282 adferentrb,
874 1206 952 1262 cuim
972 1209 1064 1262 cuncto
1083 1203 1138 1263 oleo
1155 1203 1265 1264 deuba-

172 1297 219 1350 tus
241 1289 359 1351 Michael
379 1287 531 1349 Andronici
550 1288 725 1368 imperatoris
751 1287 822 1348 iilius
842 1307 876 1348 ex
900 1288 1051 1370 desperato
1073 1289 1171 1350 morbo
1197 1308 1266 1349 con·
1378 1363 1379 1384 Χ

170 1375 355 1518 valurtwia
374 1455 468 1534 vigilia
489 1455 585 1536 Palatii
603 1462 649 1516 at
671 1459 726 1519 τοῦ
744 1448 973 1537 sdapyeitopoci,
1000 1456 1219 1516 annuntiationis
1237 1458 1265 1517 b.

172 1543 295 1620 virginis.
343 1541 439 1600 Iunius
459 1541 626 1617 eomtgeliccc
653 1544 872 1602 enuntiationis.
919 1541 988 1600 satis
1012 1542 1183 1621 evangelice:
1213 1544 1267 1602 scd
1378 1545 1379 1620 j

174 1629 243 1706 quid
257 1627 331 1686 aiiud
348 1646 366 1684 a
380 1625 646 1705 pseudoevangelico
659 1627 839 1704 praedicante
852 1624 1018 1706 exspectes?

259 1713 368 1782 Quarta
390 1711 483 1787 vigilia
505 1711 641 1788 agebatur
665 1713 764 1787 qtriuta
784 1712 853 1773 feria
873 1711 984 1786 maioris
997 1711 1208 1792 hebdomadae,
1228 1711 1265 1771 ob

124 1867 130 1881 „
175 1814 339 1878 parusceuea
352 1795 513 1880 appetentis
528 1795 663 1858 solennia

607 2049 810 2078 ·’··-·---ν-

479 2303 961 2382 CAPUTVIIL

256 2485 323 2594 De
349 2553 452 2613 magno
481 2533 619 2596 sabbatho
641 2535 709 2594 nibil
739 2541 783 2596 cst
803 2536 832 2594 in
860 2535 968 2596 Graeca
988 2535 1183 2616 inscriptione,
1205 2557 1270 2597 cum

172 2632 265 2686 temen
294 2631 468 2707 potissimum
489 2632 524 2690 de
549 2632 640 2690 officio
661 2633 755 2712 magni
778 2632 924 2715 sabbathi,
947 2632 1001 2692 hoc
1022 2639 1067 2692 est
1086 2633 1197 2712 vigiliae
1217 2653 1270 2715 pa-

171 2712 291 2790 schatis,
313 2716 342 2774 in
355 2717 409 2775 hoc
425 2717 516 2796 capite
530 2723 637 2794 agatur.

256 2834 284 2891 p.
296 2819 337 2878 72
352 2836 379 2876 v.
398 2817 443 2880 15.
458 2803 495 2875 de
508 2835 659 2897 parasceue
674 2817 763 2876 tribus
777 2817 867 2877 verbis
881 2835 926 2877 res
939 2819 1098 2880 absolvitur.
1117 2822 1181 2880 vide
1194 2839 1270 2897 quae
1338 2829 1342 2837 '

172 2896 209 2952 de
229 2896 283 2955 boc
301 2900 374 2960 festo
395 2902 554 2979 scripsimus
573 2906 640 2960 tom.
664 2908 677 2964 1
696 2903 732 2960 dc
749 2903 779 2961 S.
795 2905 886 2962 Gruce
899 2903 916 2963 Ι.
934 2905 985 2966 ic.
1002 2909 1043 2969 68
1056 2912 1086 2964 et
1096 2905 1113 2964 1.
1132 2910 1146 2968 1
1162 2908 1198 2964 de
1212 2907 1270 2966 Fe-
1380 2937 1381 2966 1

167 2980 256 3124 :insen
272 2983 312 3044 28
328 2989 357 3041 et
371 2985 420 3048 24.
463 2984 587 3044 homilias
612 2986 782 3048 Graecorum
795 2988 825 3048 in
838 3007 1008 3068 parasceuen
1022 2989 1144 3052 invenies
1161 2995 1229 3052 torn
1244 2993 1270 3056 2

190 3081 206 3124 c
248 3083 321 3125 ruce.

238 3163 300 3216 ibid
341 3156 373 3216 oi
387 3151 468 3232 ὧραι]
486 3164 520 3218 de
536 3164 628 3235 quibus
644 3165 823 3222 consulendum
838 3168 981 3225 Triodinm.

238 3263 302 3318 cuc.
320 3258 372 3335 τὴν
386 3265 570 3336 λειτουργίαν]
582 3267 646 3320 hora
657 3268 738 3338 prima
748 3269 830 3323 noctis
840 3270 982 3325 dicendam.
999 3271 1145 3327 Triodiumr
1162 3268 1269 3342 ὀφείλει

171 3323 205 3386 di
223 3326 293 3402 ἔχειν
309 3329 454 3408 ἄκρίβειαν
470 3331 486 3388 ὁ
502 3330 649 3405 ἐκκλησιάρ
667 3355 700 3406 ης
716 3337 780 3407 ἵνα,
804 3333 874 3394 ὅταν
891 3344 971 3397 ποιεῖ
983 3335 1117 3396 ἀπόλυσιν
1133 3338 1152 3411 ἡ
1169 3336 1269 3412 ἐκκλη-

172 3397 285 3470 clareio
302 3404 486 3490 λειτουργίαιςξ
503 3400 615 3476 ὑπάρχῃ
657 3422 693 3470 occ
709 3402 826 3473 δευτέρα
843 3407 893 3475 τῆς
907 3411 1085 3478 λειτουργίας.
1103 3412 1268 3482 vespertinae

171 3469 353 3538 recolendos,
369 3473 461 3542 quibus
477 3491 535 3546 upra
551 3475 728 3544 coniungitur,
744 3475 841 3530 decima
855 3477 907 3532 diei
922 3477 987 3534 bora
1002 3479 1135 3552 incipiunt.

256 3577 293 3634 ib.
314 3596 340 3636 v.
357 3581 407 3641 20.
434 3577 481 3638 illa
494 3575 567 3658 perci
584 3576 641 3658 τήν
652 3584 709 3644 cori
721 3575 889 3646 ἀποστόλου
906 3573 1079 3667 ἀνάγνωσιν
1092 3585 1188 3652 Iunius
1203 3605 1266 3648 ver-
1380 3589 1381 3592 ’

172 3661 223 3720 tit:
242 3667 303 3740 port
318 3662 450 3722 lectionem
464 3671 551 3724 cutem
563 3665 689 3744 apostoli,
709 3665 742 3734 ici
753 3674 808 3744 ert,
826 3667 862 3726 od
878 3687 934 3727 eum
950 3689 1032 3746 usque
1047 3671 1148 3732 locon:
1176 3691 1267 3748 sarge,

172 3745 252 3818 deoc,
275 3747 323 3822 qui
341 3745 445 3805 iudicas
462 3756 568 3813 terram.
609 3751 708 3810 vitiosa
724 3772 855 3831 prorsus,
883 3754 963 3830 quasi
977 3754 1047 3813 illud
1061 3756 1214 3834 curgcdcus
1227 3757 1267 3816 ed

170 3829 293 3912 apostoli
309 3829 455 3892 lectionem
476 3834 633 3913 pertineat,
658 3854 722 3894 cum
742 3837 781 3897 sit
800 3835 923 3915 stichus,
942 3857 1025 3915 quem
1039 3847 1106 3919 post
1118 3842 1268 3903 lectionem
1380 3871 1381 3876 1

170 3916 292 3993 apostoli
310 3935 345 3976 ex
362 3915 481 3994 epistole
495 3919 532 3976 ad
544 3917 688 3979 Romanos
701 3928 845 4000 sumptum
867 3924 987 3984 concinit
1007 3925 1129 4005 psaltes:
1153 3945 1269 4002 &noge

169 4002 234 4058 deus
246 4001 367 4060 indicano
380 4007 494 4073 terram,
514 4006 578 4081 pria
591 4011 621 4062 tu
632 4005 788 4066 hereditabis
799 4011 829 4068 io
848 4012 966 4068 omnibus
982 4011 1113 4086 gentibue.
1155 4011 1268 4070 subiicit

168 4084 271 4144 lector:
296 4086 360 4145 deus
378 4090 451 4144 steini
470 4089 501 4144 io
520 4106 663 4164 synogoga
681 4089 800 4167 ἀνοηινι,
829 4097 859 4153 t‘n
878 4094 962 4154 medio
984 4101 1072 4155 ccciccc
1087 4095 1147 4156 deoc
1160 4097 1270 4156 diiudi-

170 4175 281 4229 cctetc
323 4171 439 4230 succinit
461 4171 581 4246 psaltes:
609 4193 722 4250 assurge
741 4176 806 4235 con
825 4183 878 4236 etc.
907 4185 938 4238 et
957 4178 1011 4240 hoc
1025 4182 1154 4260 saepius,
1176 4191 1210 4239 ut
1224 4181 1271 4240 di-

169 4251 271 4312 stincte
287 4253 373 4316 babes
388 4256 418 4315 iu
443 4255 568 4318 Triodio.
610 4275 679 4336 ergo
696 4259 739 4320 vel
762 4269 830 4340 post
849 4262 994 4332 lectionem
1007 4267 1129 4346 apostoli
1141 4266 1186 4326 vel
1199 4272 1271 4347 post
