2782 4686
163 303 213 374 30
477 299 626 370 counit
651 297 948 370 wantsumu

90 557 96 568 ¹
162 474 246 552 ἐντὸς
263 466 397 558 μίντοι,Ι
409 469 451 552 ὥς
474 471 605 562 είρηται,
630 479 686 558 τῆς
706 471 801 559 αιἰλῆς
818 468 927 557 μόνον·
953 472 1080 557 ἔκβῆναι
1095 468 1129 536 tt
1144 464 1258 553 ταύτης

162 575 323 662 tundent}
339 579 485 644 ιῖσιλθιῖν
497 576 573 644 οὔθ’
589 567 678 654 οὗτος
690 575 759 645 σι’ίτε
770 601 816 654 τις
829 577 939 663 ἕτερος.
989 578 1016 641 ιλ
1035 575 1069 640 δὲ
1089 569 1182 659 δεήσῃ
1198 571 1256 660 ἄρ-

159 679 272 766 χοντάς
292 705 376 758 τινας
398 685 633 763 καβαλλικεῦσαι
655 681 687 744 ἐν
706 687 745 768 τῇ
767 679 862 767 αὐλῇ,
889 680 964 766 πεζῇ
982 677 1038 761 μέν
1060 667 1255 762 εἰσίρχονται,
1320 670 1323 675 ’
1361 739 1364 750 ,

49 851 53 856 .
162 783 228 853 εἶτα
249 780 527 866 ναβαλλικιίουσιν.
576 779 668 848 πάλιν
686 784 719 848 δὲ
735 786 777 861 eie
791 783 846 868 τὴν
863 782 991 866 ἐκβολὴν
1003 780 1104 846 αὐτῶν
1116 775 1257 858 νιεζιίον-

161 914 212 965 τις
233 887 403 975 ίξίρχονῐαι
423 887 506 974 πεζῇ.
556 882 617 972 ίχιι
634 910 666 952 τε
685 885 789 954 ἄδειαν
804 883 820 952 ὅ
836 883 932 970 κόμης
944 883 1096 968 βασιλέως
1106 878 1282 970 ιιαρόντος5

162 991 321 1074 βασιλικὴν
344 985 571 1073 ναβαλλικείειν
591 987 718 1076 σνρτόν,
747 987 812 1078 οἷον
831 987 869 1056 tv
884 986 1046 1072 βούλοιτο·
1072 982 1201 1062 ἀπόντος
1221 984 1255 1049 δ’

75 1110 98 1163 Ρ
116 1107 152 1163 62
168 1094 225 1178 οὐχ
247 1092 354 1170 οὕτως.
404 1092 484 1158 ἀλλὰ
499 1093 686 1179 σαγίσματος
695 1099 758 1160 τῶν
770 1099 824 1159 τοῦ
834 1094 931 1158 innoc
945 1092 1135 1159 σνιααοολίων
1146 1089 1258 1154 inhese-

165 1198 257 1282 μίτον
279 1197 367 1284 μέχρι
391 1198 519 1276 καὶτῆς
540 1193 679 1280 ἡμισείας
700 1196 862 1273 σκίπονῐος
879 1196 969 1272 σέλας
974 1242 986 1275 ,
1010 1191 1091 1260 οὕτω
1110 1195 1259 1274 καβαλλι-

167 1297 263 1381 καίει,
289 1297 491 1387 ἀπερχόμενος
507 1298 642 1384 ἀλλαχοῦ
658 1300 714 1384 μὲν
729 1299 871 1384 οὐδαμῶς
876 1347 887 1380 ,
913 1299 970 1377 λ’ως
984 1297 1017 1364 tt
1031 1297 1083 1362 xci
1095 1288 1189 1380 μόνον
1200 1293 1260 1360 Ιτοῦ
1336 1366 1338 1370 ,

166 1405 388 1492 στρατορικίον.
1267 1403 1301 1460 to

262 1505 361 1584 Ἔθος
377 1507 413 1573 δέ
425 1532 455 1574 τι
472 1507 523 1572 καί
537 1511 626 1574 τοῦτο
643 1505 713 1576 κατ’
729 1503 795 1583 ίτος
809 1504 904 1585 ἐστίν,
925 1503 960 1571 τὸ
975 1501 1053 1570 κατὰ
1067 1502 1122 1581 etp
1134 1505 1191 1566 cmi
1203 1524 1260 1583 με-

168 1605 264 1697 γιίλοο
284 1609 401 1694 Πάσχα
418 1610 524 1697 καιρὸν
537 1611 677 1696 γίνεσθαι
692 1610 799 1686 σίλλος
812 1607 974 1692 βασιλικὰς
988 1609 1040 1672 καὶ
1050 1603 1195 1690 χαλινσῦς
1209 1604 1262 1667 καὶ

168 1711 269 1778 ἐπιίνω
291 1714 398 1780 σκίπια
413 1711 513 1780 πάντα
529 1710 635 1793 καινοί,
661 1717 712 1778 καί
729 1713 769 1780 τὰ
783 1712 900 1778 παλαιὰ
914 1708 1079 1794 λαμβάνειν
1094 1705 1192 1774 πάντα
1206 1706 1262 1774 τὸν

167 1814 285 1902 κόμητα
291 1864 302 1896 ,
327 1815 394 1900 ἤτοι
414 1816 470 1893 τὰς
485 1817 594 1895 σίλλος
606 1817 757 1900 μετὰτῶν
772 1815 953 1900 κομπωσίιον
969 1815 1021 1880 καὶ
1035 1813 1106 1890 τοὺς
1115 1808 1263 1896 χαλινοὺς

167 1919 247 1986 οὕτω
257 1911 339 2002 ’μετὰ
355 1927 415 1986 τῶν
431 1926 565 2007 τοοφῶν.
1269 1915 1303 1972 1⁵

263 2019 312 2087 ‘H
328 2023 362 2088 tt
383 2028 443 2090 τῶν
465 2021 633 2108 λεγομένων
652 2026 771 2108 cupreis
787 2007 955 2104 βασιλικῶν
970 2020 1072 2085 innon
1086 2010 1262 2098 metuitq-

166 2129 216 2204 σις
222 2173 233 2205 ,
256 2121 383 2210 ὁπηνίκα
398 2122 602 2212 καβαλλιιιιιίῃ
617 2121 634 2190 ὅ
647 2123 792 2208 βασιλεύς
797 2173 808 2205 ,
834 2125 949 2210 λέγεται
962 2122 1103 2208 γενέσθαι
1118 2121 1151 2197 ἐξ
1164 2118 1264 2194 αἰτίας

127 2231 301 2296 licentiosis.
339 2228 392 2295 τὸν
407 2229 537 2311 βασιλέα
555 2226 707 2316 Θεόφιλόν
724 2253 802 2316 φασι
816 2228 958 2313 γενέσθαι
975 2226 1172 2313 φιλοδίκαιοι.
1212 2221 1262 2286 in-

166 2329 261 2415 τιίτην
277 2321 331 2396 οὖν
347 2327 513 2420 φερόμενόν
526 2357 616 2410 ποτε,
640 2328 815 2414 ὕσαντῆσαί
829 2357 906 2418 φασι
920 2337 1047 2416 γυναῖκα
1056 2375 1066 2406 ‚
1092 2323 1263 2412 κράζονσαν

168 2432 279 2516 ἑαυτῆς
293 2429 366 2499 εἶναι
379 2433 431 2498 τὸν
441 2435 535 2498 ἰἰτντον
546 2424 572 2524 ᾧ
585 2435 734 2516 ἐποχεῖται
748 2431 764 2498 ὃ
776 2432 928 2516 βασιλεύς.
979 2437 1034 2498 τοῦ
1046 2427 1183 2496 τοιούτοιν
1198 2429 1305 2493 τοί-20

168 2565 223 2604 νον
244 2536 456 2614 ἕξετασίίίντος
475 2533 638 2623 εὑρεθῆναι
655 2533 869 2621 ἀληθείαοσαν
883 2537 938 2620 τὴν
953 2545 1095 2621 γυναῖκα·
1117 2530 1191 2599 εἶναι
1207 2532 1263 2614 μὲν

168 2640 228 2729 γὰρ
248 2640 301 2706 τὸν
322 2641 416 2704 ἵππον
439 2638 549 2723 αὐτῆς,
583 2638 637 2705 τὸν
657 2641 692 2708 δι’
713 2639 845 2727 ίτταρχον
867 2636 1053 2729 ἀφελόμενον
1074 2639 1189 2725 δῶρον,
1221 2631 1264 2712 ὥς

238 2833 432 2893 immites
447 2835 493 2892 ΑΒ
597 2835 631 2892 15
647 2833 779 2906 quossis
796 2833 841 2890 ΑΒ

171 3009 268 3076 dictum
285 3011 340 3072 est,
357 3005 514 3062 solummodo
530 3001 602 3062 intre
619 3006 717 3072 auiam3
740 3025 774 3062 ex
790 3007 840 3062 hec
857 3025 921 3064 vero
939 3007 1054 3078 equitem
1072 3005 1146 3060 exire
1160 3004 1204 3058 vel
1220 3003 1261 3057 in-

171 3077 255 3132 troire
269 3093 354 3145 neque
371 3077 431 3130 huic
448 3095 534 3146 neque
550 3077 626 3134 alteri
642 3077 755 3147 cuipiam
772 3095 922 3132 concessum
937 3087 988 3132 est.
1023 3078 1166 3130 sinautem
1183 3091 1263 3158 opor-

171 3155 229 3201 teat
250 3163 372 3216 proceres
395 3146 496 3215 aliquos
519 3148 639 3216 equitare
662 3146 690 3199 in
714 3146 788 3215 ααλο,Ἰ
816 3148 920 3222 pedites
944 3147 1141 3216 ingrediuntur,
1168 3144 1265 3198 deinde

93 3231 105 3254 t
172 3214 302 3284 equitant.
337 3232 425 3268 rursus
444 3233 501 3270 cum
518 3217 662 3270 abeundum
680 3224 735 3281 est,
755 3217 915 3270 descendunt
931 3236 964 3271 ex
980 3233 1063 3287 equo,
1081 3222 1108 3269 et
1124 3214 1265 3284 egrediun-

171 3295 216 3340 tur
237 3285 350 3354 pedites.
380 3284 474 3338 =habet
498 3303 584 3339 comes
606 3291 764 3356 potestatem
787 3293 927 3356 praesente
951 3287 1108 3356 imperatore
1130 3281 1267 3353 equitandi

171 3371 351 3424 quemcunque
365 3351 479 3407 voluerit
493 3354 659 3425 imperatoris
676 3372 769 3424 equum
786 3373 820 3409 ex
835 3356 876 3409 his
893 3356 939 3424 qui
954 3357 1083 3410 ducuntur
1094 3371 1180 3408 manu.
1217 3353 1266 3406 ab·

167 3432 246 3476 sente
262 3423 423 3492 imperatore
439 3440 491 3476 non
507 3425 579 3478 item.
614 3425 663 3478 sed
681 3431 831 3493 tegumento
849 3425 911 3493 equi
928 3425 1041 3496 scapulis
1056 3424 1222 3492 incumbente
1240 3427 1268 3474 et

118 3544 120 3548 .
170 3492 281 3546 mediam
297 3491 386 3544 sellam
402 3493 538 3561 operiente
555 3493 672 3564 equitet;
692 3510 778 3563 neque
794 3510 923 3563 quoquam
940 3512 970 3548 se
987 3495 1089 3548 confert
1106 3491 1158 3546 nisi
1174 3494 1208 3546 ad
1225 3491 1266 3545 lo·

169 3579 228 3616 cum
245 3562 290 3615 ubi
307 3569 406 3614 strator
421 3561 605 3633 imperatorem
620 3564 649 3617 in
667 3580 764 3634 equum
775 3563 905 3616 sublevat.

239 3664 436 3719 consuetudine
456 3673 590 3736 receptum
611 3673 655 3720 est
672 3669 707 3720 'ut
729 3665 867 3735 quotannis
883 3665 954 3719 circe
971 3681 1089 3734 magnum
1107 3663 1206 3733 pascha
1224 3681 1268 3718 re·

170 3744 300 3788 noventur
317 3751 406 3788 omnes
422 3736 588 3804 imperatoris
606 3735 686 3790 sellae
705 3733 775 3789 freni
793 3743 822 3788 et
837 3735 924 3788 omniu
940 3735 992 3788 alie
1010 3733 1141 3804 tegmina,
1167 3734 1269 3786 omnia·

170 3821 223 3872 que
244 3812 336 3858 vetera
359 3803 473 3874 accipiat
497 3823 599 3873 eomes,
624 3805 701 3858 sellas
724 3805 844 3858 nimirum
868 3821 926 3858 cum
949 3804 1067 3876 apicibus
1086 3803 1224 3858 muscariis
1242 3807 1271 3856 et

170 3875 248 3928 frene
264 3871 340 3926 simul
358 3889 415 3926 cum
431 3873 546 3944 phaleris
563 3892 594 3929 ac
611 3875 712 3928 floccis.

239 3975 363 4028 Ceterum
381 3975 519 4030 comitatus
537 3993 660 4047 equorum
679 3975 726 4045 qui
744 3991 819 4031 manu
835 3975 979 4044 ducuntur,
1004 3975 1108 4045 quando
1125 3975 1271 4045 imperator

172 4045 282 4114 equitet,
299 4044 348 4098 teli
364 4062 397 4098 ex
414 4045 552 4100 occasione
571 4045 705 4099 exstitisse
720 4045 814 4098 fertur.
848 4045 918 4098 semo
931 4053 971 4098 eet
981 4044 1165 4116 imperatorem
1177 4045 1271 4098 Theo-

173 4114 271 4184 philum
292 4113 375 4167 fuisse
396 4113 513 4168 iustitiae
530 4122 668 4171 ementem.
704 4131 760 4167 cum
778 4113 860 4181 igitur
876 4115 987 4184 quodam
1004 4125 1123 4183 tempore
1140 4131 1208 4184 equo
1226 4113 1269 4168 in·

173 4183 281 4250 sideret,
300 4182 446 4238 occurrisse
462 4184 536 4238 aiunt
552 4182 681 4254 quendem
698 4182 881 4250 mulierculam,
900 4192 927 4237 et
943 4183 1068 4236 clamasse
1080 4201 1174 4252 equum
1187 4183 1269 4250 ilium,

174 4270 227 4322 quo
243 4253 390 4308 vehebatur
406 4252 563 4323 imperator,
587 4269 662 4306 suum
680 4266 748 4305 esse.
783 4251 955 4321 inquisitione
970 4255 1042 4306 facte
1058 4253 1191 4320 cognitum
1210 4269 1270 4306 esse

173 4323 308 4380 mulierem
324 4341 390 4380 vere
404 4323 508 4393 dicere,
527 4338 621 4393 aqum
637 4321 706 4377 enim
721 4321 804 4393 ipsius
823 4340 898 4393 esse,
918 4323 1058 4394 eparchon
1074 4331 1162 4376 eutem
1179 4322 1208 4377 vi
1225 4339 1269 4376 ra·
