2822 4684
142 255 217 326 222
295 250 504 322 euersum
523 251 577 316 ur
595 251 728 319 contu
746 249 1079 318 couunuruuus

142 417 249 486 aliisque
265 415 391 470 nonnullis
408 373 598 484 exemplaribus
609 407 883 484 2purnuluduprcrsis
900 411 1013 477 diceret,
1029 412 1073 466 'ob
1090 410 1243 484 puerculi·

141 487 211 549 door
227 487 283 540 sive
299 479 569 554 zpuonnludupuruig,
593 483 683 552 quibus
700 499 763 535 suro
780 483 844 542 ludit
860 483 973 550 figures,
994 498 1062 552 qune
1079 479 1178 553 ίματίῳ
1196 501 1242 536 re-

143 566 235 627 ceptae
251 550 364 624 piltone
380 551 428 606 uui
444 549 558 614 κλάδοις
572 545 799 619 πεποικιλμένον,
821 553 896 619 foliis
914 557 939 604 et
958 555 1119 606 ramunculis
1136 554 1243 606 uarium
1350 608 1354 614 ,

143 625 258 678 recidunt
274 631 300 676 et
316 624 475 676 distinctum.
511 615 588 689 ῥίζας
604 621 637 674 ob
653 620 764 689 implexa
780 637 811 672 nc
827 637 875 674 aon
892 620 995 673 ludente
1006 620 1085 673 variis
1099 621 1243 676 tramitibus

144 693 223 746 ductu
240 691 346 745 ramalia
361 692 458 744 scribet
480 706 598 742 numerus
622 705 733 758 sequens
755 689 856 744 tertius.
891 697 957 771 quot
969 689 1034 742 enirn
1048 693 1129 742 rumis
1146 692 1243 753 nurus,

143 777 196 831 qua
213 762 289 816 rectis
306 775 358 830 qua
374 757 518 825 contortis,
544 759 586 812 bio
605 757 782 810 discriminatis
800 763 827 810 et
853 757 954 822 diruis,
977 758 1014 810 ibi
1029 759 1104 812 simul
1122 759 1243 823 collectis,

143 847 210 883 nunc
228 829 423 910 enascentibus!
440 827 503 882 aiibi
520 827 643 880 truncatis
661 826 705 880 vel
719 826 829 881 iucunde
847 826 1037 894 desinentibus,
1054 828 1138 898 pingit
1153 845 1184 880 ac
1195 844 1244 879 ve·

145 899 196 951 rial
212 897 364 952 materiem?
397 898 438 949 luc
454 903 540 950 antem
564 913 616 950 non
639 896 726 950 clauos
751 895 797 948 sed
818 896 979 950 chuncures
1000 913 1106 963 aureos,
1130 896 1244 964 gerentis

144 983 235 1020 nomen
255 967 441 1038 exprimentes,
456 965 484 1018 iu
500 966 550 1020 ima
567 965 628 1036 pilei
641 983 704 1032 ora,
720 964 741 1017 si
757 965 844 1032 lubet,
861 965 996 1018 annotabis
1012 972 1142 1024 excretos.

231 1101 259 1159 p.
274 1083 311 1146 13
322 1099 348 1138 v·
360 1083 388 1144 8.
404 1075 601 1158 ouppuciiuou
609 1079 786 1158 fimbriatum,
795 1099 812 1138 a
821 1083 961 1156 syrmate3
975 1097 1031 1154 quo
1042 1081 1153 1138 nomine
1163 1079 1246 1138 intei-

146 1166 205 1244 ligo
220 1167 352 1242 utrinque
372 1164 561 1241 dependentia
574 1183 609 1224 ex
627 1167 732 1226 sciadio
754 1185 804 1224 sen
819 1165 893 1244 pileo
908 1165 987 1240 quasi
1005 1165 1121 1224 reticrde
1139 1167 1233 1224 seusu

148 1252 269 1323 aieirins,
292 1270 381 1328 quos,
400 1251 425 1307 si
440 1250 533 1328 lubet,
555 1251 640 1310 oculis
656 1252 791 1330 inspicere
812 1251 918 1329 poteris
931 1251 961 1308 in
976 1249 1065 1310 tribus
1080 1249 1247 1326 imaginibus

151 1339 367 1414 imperatorum,
389 1353 461 1409 quae
480 1335 608 1394 visuntur
628 1338 710 1396 initio
733 1335 886 1414 Nicephori
908 1335 1052 1411 Gregorae
1071 1353 1106 1393 ex
1125 1336 1249 1397 editione

149 1421 405 1488 Basiieensi1562.
421 1438 480 1478 non
493 1420 624 1478 absimilis
638 1428 681 1480 est
700 1423 824 1500 effigIes,
846 1439 930 1496 quam
944 1421 1026 1478 nobis
1042 1420 1249 1496 Turcogreecia

150 1511 351 1584 repraesentat.
387 1501 680 1587 χρυσοκλαβαρικόν,
709 1504 923 1587 συρματὲϊνον,
949 1511 984 1563 ut
1009 1525 1067 1564 non
1092 1507 1249 1572 referentur

151 1613 215 1651 cum
226 1591 305 1650 Iunio
316 1588 353 1648 ad
368 1589 494 1648 vocuam
505 1584 654 1672 ὀνόματα,
674 1594 726 1650 sed
739 1594 777 1650 ud
795 1593 889 1670 ipsum
903 1591 1036 1651 scindion.

139 1769 142 1776 ,
222 1714 287 1768 ibid.
321 1707 411 1780 crippus
428 1711 561 1768 nilminus
577 1729 652 1782 quem
666 1713 733 1782 pilei
747 1714 857 1768 reticula
875 1729 921 1767 seu
943 1713 1073 1780 puticulos
1095 1712 1193 1777 refert,
1219 1714 1249 1764 ut

156 1783 189 1837 ab
206 1800 236 1836 eo
255 1781 335 1850 pileus
350 1781 408 1850 ipse
426 1789 546 1834 noscetur
563 1785 729 1851 fimbriuluxr
753 1783 848 1836 rectius
869 1797 926 1834 cnm
943 1781 1056 1834 Graecia
1070 1780 1192 1835 hodierna
1206 1780 1249 1834 in-

153 1849 336 1920 terpretaberis
353 1867 447 1904 nurum
464 1853 574 1918 ductile,
594 1869 705 1920 numm,
721 1851 838 1922 inquam,
853 1850 883 1903 iu
893 1853 949 1920 filu
965 1851 1050 1904 solida
1066 1857 1195 1919 tractum,
1219 1866 1251 1903 os·

154 1923 238 1984 lenit,
255 1921 291 1987 fil
308 1921 375 1972 rl'or.
410 1919 516 1973 solidum
532 1921 672 1988 dixi„boo
693 1928 734 1975 est
760 1921 872 1974 nondum
888 1919 961 1972 molis
984 1927 1082 1986 tusum,
1108 1919 1252 1987 exindeque

154 1991 238 2044 serico
254 1987 298 2040 fiio
317 1988 532 2057 superinductum.
565 1985 750 2060 noppuce'luou
766 1989 855 2060 itaque
870 2005 936 2059 opus
953 1995 993 2041 est
1002 1989 1099 2042 euroin
1111 1988 1157 2040 fila
1166 1987 1250 2040 subde

154 2060 232 2113 ducto
249 2057 415 2127 compositum
431 2058 474 2112 vel
490 2058 600 2127 pictum,
624 2059 701 2130 quale
723 2059 847 2129 despotae
864 2075 955 2112 nornen
971 2057 998 2110 in
1013 2058 1069 2112 eius
1084 2056 1153 2128 pileo
1169 2058 1251 2129 phry-

156 2125 259 2198 gionica
276 2143 350 2180 manu
365 2125 516 2184 delineatur.

238 2240 304 2300 ibid
344 2238 458 2320 cuceio]
486 2241 526 2300 ita
550 2240 620 2319 legit
644 2239 758 2320 Iunirre,
777 2244 808 2300 et
830 2245 930 2322 apicem
953 2241 1171 2321 interpretatur,
1194 2259 1251 2316 qno

153 2326 267 2385 nomine
291 2325 424 2402 intelligit
445 2329 600 2405 experietur
622 2327 722 2387 studii
741 2333 861 2406 perlem,
882 2331 911 2387 iu
939 2347 1031 2400 qonuur
1064 2333 1252 2404 assurgurtem,

151 2411 348 2490 fastigiatum
376 2411 545 2486 deducitque
564 2411 692 2470 voculanr'
709 2417 828 2488 coortu,
852 2407 933 2492 παρὰ
953 2409 988 2474 cd
1008 2411 1131 2488 τείνειν,
1158 2418 1254 2470 uten-

157 2495 248 2556 deodo.
270 2496 301 2553 in
317 2494 406 2555 altero
416 2497 653 2556 codiceBavarico
667 2497 769 2576 legitur
785 2498 943 2557 disiunctim
953 2491 989 2559 roi
1007 2503 1086 2575 σεῖα,
1106 2499 1136 2555 in
1152 2502 1253 2555 neutro

156 2599 274 2660 genere3
295 2587 325 2638 et
338 2582 379 2639 ita
391 2581 542 2659 legendum
550 2585 620 2660 puto
647 2579 679 2661 1)
694 2583 760 2658 quia
775 2582 904 2640 subditur
922 2583 953 2640 in
966 2588 1066 2658 neutro
1080 2601 1196 2660 genere,
1216 2577 1253 2642 coi

158 2673 223 2729 σεῖα
239 2661 290 2728 οἷα
305 2665 357 2728 καὶ
367 2663 403 2729 ud
417 2663 563 2745 βασιλικά.
584 2670 614 2726 et
631 2667 716 2726 infra:
739 2665 758 2732 d
773 2662 833 2748 ἀήρ
853 2665 905 2728 καὶ
921 2663 957 2728 roi
974 2673 1055 2742 otiu,
1077 2662 1127 2730 niu
1146 2666 1198 2728 uoci
1216 2662 1254 2728 toi

158 2755 214 2814 τοῦ
225 2745 381 2816 δεσπότου.
403 2754 514 2828 signum
528 2772 597 2829 ergo
608 2758 692 2810 estet
702 2753 732 2810 id
746 2754 829 2828 quod,
837 2753 993 2830 antecedit,
1013 2771 1114 2832 nempe
1127 2748 1164 2813 rui
1179 2760 1254 2826 σεῑα,

156 2837 282 2894 neutrius
301 2837 410 2912 generis
429 2856 499 2894 esse.
530 2835 565 2914 2)
579 2838 645 2912 qnia
658 2833 695 2899 roi
717 2833 782 2899 σεῖα
796 2837 868 2896 Iunii
882 2857 900 2898 a
915 2838 1003 2900 celon
1024 2859 1076 2915 pro
1092 2838 1254 2896 extensione

157 2939 260 2998 genere
272 2921 403 2980 feminino
418 2941 533 2999 prorsus
547 2923 646 2998 ignote
657 2928 687 2980 et
700 2922 833 2982 inusitata
846 2930 898 2982 est.
919 2923 988 3000 quid
1002 2924 1040 2982 sit
1053 2915 1147 2996 τάσις,
1159 2941 1254 2980 omnes

159 3011 280 3064 norunt:
302 3006 371 3080 qnid
389 3011 509 3080 cuoeiu,
531 3025 582 3084 per
594 3005 704 3064 Iunium
718 3027 799 3067 nemo
823 3010 916 3081 novit3
940 3009 1052 3067 tametsi
1073 3010 1192 3086 ingenue
1212 3007 1256 3065 fa-

160 3097 222 3150 teor
238 3109 283 3148 me
299 3096 470 3170 compertum
483 3109 540 3149 non
550 3091 653 3150 habere
670 3093 738 3168 quid
755 3089 792 3154 coi
812 3099 877 3156 oeiu
890 3095 1054 3171 significent.
1075 3094 1204 3170 quocirca
1225 3093 1255 3150 in

158 3176 286 3238 versione
300 3175 436 3235 Graecam
450 3176 599 3236 dictionem
613 3178 728 3256 retinui,
747 3177 837 3238 donec
850 3180 901 3237 viri
914 3179 990 3242 docti
1004 3180 1048 3237 vel
1061 3197 1155 3242 ueram
1168 3179 1256 3255 signi-

161 3259 301 3320 ficantiam
312 3267 412 3320 emant
427 3260 471 3320 vel
482 3263 593 3322 Codino
608 3281 702 3322 rernm
713 3262 862 3324 lectionem
870 3265 1029 3324 restituant.

229 3384 294 3437 ibid.
326 3384 492 3453 promerebor
507 3383 568 3437 milri
586 3384 739 3438 Grstserum
755 3386 843 3438 Ailetii
859 3403 951 3454 eones,
967 3393 995 3440 et
1010 3404 1097 3442 reram
1109 3387 1164 3442 coir
1176 3385 1257 3440 σείων

162 3451 359 3521 significantium
376 3469 471 3506 eruero.
505 3457 566 3507 caiu
583 3461 642 3506 sunt
658 3455 727 3523 longi
743 3455 816 3508 unius
832 3457 888 3510 fere
905 3457 981 3526 palmi
998 3457 1189 3526 margaritarum
1201 3464 1258 3508 tre-

163 3532 234 3587 ctus‚
257 3522 325 3574 circa
344 3522 466 3592 despotne
483 3539 557 3576 aures
576 3541 591 3576 e
608 3523 675 3593 pileo
698 3524 810 3594 penduli.
844 3525 880 3578 sic
897 3527 952 3580 lora
969 3543 984 3579 e
1001 3527 1148 3596 pontificum
1165 3525 1256 3593 mitris,

161 3593 236 3644 funes
251 3590 380 3644 reticulati
398 3609 413 3642 e
430 3591 591 3645 cardinalium
608 3593 697 3663 pileis,
721 3593 824 3646 inaures
844 3593 916 3665 ipsae
939 3613 972 3648 ex
994 3595 1098 3650 auribus
1115 3596 1258 3665 pendentes

161 3664 223 3714 ueiu
246 3665 320 3723 sunt,
344 3660 465 3724 mobilia,
491 3664 604 3714 tremula
632 3662 797 3731 pendulaque
821 3672 986 3731 ornamenta,
1014 3659 1072 3717 aiud
1097 3665 1148 3716 τοῦ
1164 3663 1257 3717 σείειν.

162 3729 251 3782 endem
266 3728 293 3782 in
311 3730 474 3799 patriarchae
490 3729 558 3800 pileo
574 3729 766 3800 Turoograeein
788 3738 918 3802 nuncupat
938 3729 1174 3804 uupqiuuudludu
1192 3731 1260 3803 pilei

161 3799 300 3853 manubria
317 3799 359 3851 uel
376 3816 464 3851 umor.

245 3905 281 3964 il.
298 3923 324 3962 v.
339 3909 367 3970 9.
382 3896 497 3984 κόμβος
509 3911 554 3964 est
567 3904 660 3967 nodus.
674 3907 859 3985 compositum
872 3900 1043 3988 ἕπικόμβια,
1056 3909 1092 3966 de
1107 3924 1163 3982 qno
1176 3906 1260 3983 infra,

102 3987 104 3993 '
161 3996 228 4048 sunt
238 3994 383 4067 segmenta
393 3992 489 4068 panni,
503 3991 603 4066 quibus
613 3991 715 4050 involvi
727 3993 820 4053 solent
829 3994 934 4052 nummi
946 3995 1023 4051 aurei
1036 3992 1162 4070 argentei
1176 3992 1262 4068 aerei,

163 4093 236 4148 qnae
254 4076 339 4134 etiam
361 4074 465 4154 κὸμβοι
489 4076 675 4154 appellantur.
702 4077 767 4136 binc
786 4075 990 4160 κομβολύτης,
1010 4067 1261 4178 puiuuccoto'poc.

163 4165 314 4237 usurpatur
331 4178 444 4238 qnoque
464 4156 580 4240 κόμπος
603 4181 655 4238 pro
683 4157 808 4244 κόμβος.
837 4165 962 4240 quamvis
980 4185 1096 4244 κομπος
1119 4163 1262 4220 interdum

106 4308 111 4316 ,
163 4242 236 4304 idem
246 4251 291 4305 est
304 4247 381 4323 qnod
394 4245 545 4308 amandu
587 4245 737 4310 Mauricius
751 4250 829 4330 apud
844 4249 1013 4330 Rigaltium:
1036 4242 1131 4312 καλόν
1148 4246 1182 4310 di
1199 4245 1263 4310 locs
