2822 4684
502 261 549 328 IN
565 255 714 328 CODINI
733 259 817 328 GAP.
848 259 909 328 lv.
1198 263 1272 335 233

171 428 233 489 κοῖς
255 417 282 478 δ’
307 417 442 494 &adriperet
464 417 539 479 κατὰ
558 417 592 478 et
615 417 758 494 ολυολλσςου
780 413 887 495 ἑκάστῳ
907 405 1021 492 ¹aifitcapcr
1043 417 1274 511 καλυπιιμίυαις,

172 489 276 550 daacd’
294 487 325 548 ἕο
341 489 451 566 ἡλικίᾳ,
475 489 594 555 τούτους
611 487 643 546 dl
659 489 769 555 πάντας
784 490 921 560 καθάπαξ
945 487 1106 548 ολκᾶλυπτον
1131 487 1202 563 ἔχειν
1221 513 1275 564 την

171 560 305 632 κεφαλήν.
339 563 407 618 unda
425 579 481 618 cum
498 563 532 618 ad
551 562 644 633 ephebi
660 568 771 616 aetatem
787 562 929 632 processit,
950 568 1012 615 tu'nc
1037 569 1133 635 tuntum
1153 563 1276 633 despatae

171 651 220 706 per
236 647 331 688 morem
347 635 389 686 fas
407 641 448 686 est
462 638 533 686 cacto
549 633 635 702 capite
651 631 679 684 in
692 631 786 702 palatio
804 631 889 685 cernis
926 647 971 684 uer
988 631 1053 684 enim
1068 631 1168 684 nonnisi
1184 640 1276 702 aperto

171 709 306 770 verentur,
332 703 369 757 ait
386 707 476 755 auctor
493 701 578 772 capite
594 701 739 770 superiore:
767 693 814 754 lm
832 649 957 782 κεφαλῆς
980 695 1021 753 ἔτι
1044 695 1108 763 νέος
1133 695 1185 770 μὲν
1202 695 1274 758 alud

172 767 309 841 δεσπότης
333 775 419 840 φορεῖ
443 765 475 825 ἐν
503 770 543 840 τῷ
568 769 694 841 πυλαιίῳ
718 764 810 822 οὐδέν.
853 769 914 838 prlei
937 768 1089 838 descriptam
1113 786 1129 822 a
1153 771 1277 838 Gregora
1324 816 1327 822 ,

173 843 278 896 sormam
298 841 400 894 dixerat
416 840 475 894 olim
491 839 597 893 Nicetes
613 838 752 893 Andronici
769 838 787 892 l.
804 839 822 892 2
837 855 854 890 a
878 837 997 900 barbaris
1019 843 1165 908 acceptam
1182 843 1277 906 ¹reilan

175 905 350 982 {luctamenta
362 909 400 992 pri
415 909 524 978 κεφαλῇ
545 904 741 992 περιλλξμυυος,
766 900 797 975 ὃς
813 903 853 991 είς
870 900 920 971 dgr)
939 900 1029 976 λήγων
1045 907 1181 976 πυραμίδι
1198 907 1275 962 είκα-

174 975 975 1116 prpprhprocppppuppplpepplslapppippptertpenpppptppfflpppt,
997 981 1032 1098 pp
1048 979 1278 1100 pppcupeffipisffi

175 1117 327 1184 dignitatem
344 1116 513 1184 spectantium
530 1115 610 1170 oculis
630 1114 822 1181 manifestarem
848 1131 899 1182 qua
924 1113 1024 1167 ratione
1042 1113 1150 1180 Nicetes
1167 1115 1233 1168 idem
1251 1117 1278 1169 in

177 1180 268 1247 Aleria
291 1185 417 1240 Mauuelis
445 1185 469 1238 [ι’
498 1185 681 1256 συγκλητικοῖς
704 1177 895 1252 ἕξοςοαομέυον
916 1183 968 1252 τῆς
989 1183 1113 1250 κεφαλῆς
1138 1180 1279 1254 κάλυμμα,
1382 1207 1384 1216 ⁴

176 1272 225 1326 pro
249 1272 292 1308 rna
333 1262 407 1308 atum
432 1253 622 1324 (συμπλητιιιοί
645 1251 711 1312 euim
733 1270 785 1306 non
798 1258 942 1310 ,senatores
958 1251 1034 1304 moda
1052 1253 1098 1306 sed
1115 1257 1141 1305 et
1157 1269 1278 1322 proceres

178 1323 263 1376 cuncti
303 1323 418 1390 icantur)
445 1331 472 1377 ct
495 1325 642 1391 officiarum
665 1322 798 1378 varietate
820 1322 904 1378 nortio
921 1321 1047 1374 caloribus
1064 1327 1089 1376 et
1105 1323 1218 1375 materia
1235 1325 1280 1376 (λί-

176 1409 269 1457 uersa,
290 1393 407 1463 componi
423 1410 456 1445 cx
475 1393 639 1446 assuetudine
655 1389 800 1455 affirmarit.
840 1390 988 1460 logothetae
1003 1389 1065 1462 pilei
1081 1389 1279 1462 descriptionem

176 1467 238 1516 nata
252 1461 360 1516 inferior
375 1479 402 1532 p.
420 1463 472 1518 238
489 1461 521 1522 ad
538 1479 565 1534 p.
583 1462 616 1516 19
632 1469 659 1515 v.
678 1461 696 1516 3
713 1458 853 1516 exhibebit.

258 1589 287 1648 p.
299 1570 341 1634 17
353 1589 381 1628 v.
395 1569 424 1630 9.
452 1565 612 1630 κλαπωτόν
633 1566 730 1626 Iunius
757 1567 863 1642 ubique
884 1566 970 1626 verfit
990 1583 1158 1644 squameam,
1183 1585 1275 1646 exque
1290 1563 1314 1620 P
1331 1563 1383 1621 198

174 1651 280 1714 Arabia
306 1659 337 1712 et
355 1654 439 1731 syria
458 1652 597 1712 cunabula
616 1655 741 1712 accersit.
771 1651 886 1712 ridicule
906 1669 1040 1730 prorsus,
1070 1653 1136 1728 quia
1161 1660 1206 1712 est
1225 1675 1281 1718 vox

148 1777 149 1782 κ
175 1735 382 1817 aeramnae,
404 1739 539 1798 clavatam
553 1756 605 1796 seu
628 1739 766 1811 clavatus,
785 1733 869 1818 παρὰ
889 1733 923 1798 cd
944 1731 1058 1809 κλολπος
1079 1737 1137 1796 sive
1158 1733 1280 1819 πλολβος,

176 1825 278 1885 clauus.
297 1824 362 1882 hinc
375 1819 561 1904 χρυσόκλαβα
575 1829 605 1883 et
617 1821 875 1902 χρυσοκλαβαρικοί
886 1821 1057 1902 chrysoclavo
1067 1840 1118 1880 seu
1129 1824 1280 1899 auriclaua,
1391 1815 1400 1829 ”

178 1909 323 1984 dequibus
333 1909 560 1987 iamsupraadp.
570 1909 623 1971 5v.
632 1912 660 1975 8.
681 1905 821 1978 uiridocti,
834 1907 927 1984 inquit
940 1905 1165 1985 Glossarium‚tid
1175 1916 1221 1968 eet
1233 1910 1282 1970 lu-

178 1994 253 2071 mine,
267 1999 365 2073 putant
375 2012 522 2064 erscuacem
532 1991 828 2071 ArabumetSprcrum,
844 2011 980 2070 praemere
988 1990 1092 2052 Latina
1100 1997 1147 2068 ort,
1161 1999 1187 2052 ct
1200 1996 1282 2055 aliter

179 2083 385 2158 interpretaretur
398 2097 478 2157 quum
488 2079 624 2140 debebant.
647 2097 733 2154 quam
745 2077 880 2136 benevole
895 2078 1029 2136 transfert
1043 2077 1081 2136 ad
1095 2077 1189 2156 plures
1204 2081 1283 2156 quod

169 2163 266 2228 ¹solius
284 2163 357 2225 Iunii
372 2167 429 2223 est!
450 2169 481 2222 et
502 2183 587 2240 quam
604 2165 691 2223 amice
707 2163 752 2222 hic
768 2168 798 2222 et
815 2161 881 2222 alibi
901 2163 1080 2240 gravissimos
1103 2163 1162 2223 eius
1184 2164 1283 2246 lapsus

180 2251 289 2328 tangit!
310 2249 414 2326 ubique
424 2250 502 2326 quad
512 2249 608 2318 Ianicu
622 2248 769 2328 deliravit,
790 2247 845 2310 hoc
858 2248 909 2310 riri
919 2249 995 2307 docti
1005 2250 1140 2310 feceruut.

249 2359 408 2433 κλαποιτόυ]
431 2362 526 2432 duplex
549 2361 620 2415 filum
646 2378 766 2430 aureum,
794 2379 870 2418 uuum
899 2362 993 2417 ductile
1016 2379 1173 2434 purumque,
1209 2363 1284 2436 quasi

181 2433 304 2498 solidum,
328 2433 395 2487 aliud
412 2431 509 2484 ductile
525 2431 641 2501 quidem,
668 2431 715 2487 sed
733 2432 806 2496 molis
823 2439 907 2500 tusum
926 2439 953 2486 et
976 2449 1106 2504 pressum,
1132 2432 1215 2487 serica
1237 2435 1284 2489 fila

182 2501 366 2557 circumvestit.
398 2500 505 2572 primum
527 2496 618 2572 σίρμα
640 2506 696 2570 est,
715 2517 746 2556 ar
768 2502 850 2569 erait,
875 2501 1012 2558 secundum
1037 2499 1186 2558 κλαπωσόκ
1209 2509 1284 2560 setae

182 2571 403 2642 circumpositum,
419 2587 450 2624 ar
460 2570 521 2640 fite.
547 2623 551 2630 ,

265 2687 304 2749 it.
326 2703 351 2746 v.
368 2688 417 2750 10.
447 2681 633 2754 δικαυίυιου,
659 2679 742 2768 παρὰ
767 2679 801 2746 rd
824 2685 912 2764 δίκη,
940 2685 1043 2764 passim
1068 2685 1188 2744 occurrit
1206 2687 1283 2764 apud

181 2773 331 2833 Codinum.
373 2770 469 2828 Iunius
496 2770 601 2844 ubique
620 2773 705 2829 vmtit
726 2776 855 2850 sceptrum
870 2771 1005 2830 iudiciale.
1032 2777 1129 2852 potest
1151 2792 1206 2830 vox
1222 2773 1285 2851 ipsa

183 2861 292 2918 Graeca
316 2857 442 2930 retineri3
468 2861 566 2934 potest
591 2855 753 2916 dicanicr'um
777 2856 938 2935 simpliciter
968 2853 1044 2914 verti
1063 2863 1199 2934 sceptrum.
1235 2857 1286 2916 ali·

183 2945 298 3022 quando
319 2963 383 3002 cum
405 2944 441 3000 de
461 2939 625 3019 patriarchis
648 2947 678 2999 et
702 2941 842 3020 episcopis
869 2959 960 3000 sermo
990 2945 1050 3019 est,
1071 2946 1104 2998 ut
1122 2961 1151 3018 p.
1176 2943 1236 3006 103
1257 2961 1285 3002 v.

183 3032 242 3106 22,
277 3029 378 3089 rectius
409 3029 574 3085 redderetur
602 3025 706 3105 padum.
745 3027 776 3084 in
809 3025 1021 3104 Turccgraecia
1050 3033 1167 3085 vocatur
1199 3029 1286 3090 dena-

184 3114 284 3177 νίκιον
301 3112 368 3192 (οἱοὶ
380 3113 419 3171 sit
435 3110 656 3191 typographious
669 3109 759 3190 error)
773 3131 803 3192 p.
823 3111 879 3190 15,
900 3112 949 3170 ubi
969 3113 1005 3172 de
1029 3110 1178 3171 Gennadio
1197 3113 1287 3192 patri-

123 3190 130 3199 *
184 3199 270 3259 archa
292 3204 322 3256 et
336 3199 505 3276 imperatore
528 3197 663 3256 Τυιυίυοε
685 3197 777 3272 ἰδίαις
799 3197 883 3278 χερσί
908 3195 1038 3260 δέδυκεν
1062 3190 1145 3282 αὐτῷ
1166 3199 1291 3279 δισσαί·ὶ

185 3305 257 3347 ntor
282 3285 396 3345 πολλοῦ
428 3279 530 3356 decan,
563 3278 630 3357 ἤτοι
664 3275 780 3361 ῥάβδον
809 3277 945 3364 ἆργυροῖυ
976 3281 1285 3363 περικεχρυσυμέυηυ,

187 3365 314 3448 cipetum
349 3368 379 3426 in
392 3367 498 3447 scripto
515 3367 638 3443 quodam
649 3365 899 3428 Graeco-Barbara
917 3367 973 3430 la
995 3367 1218 3444 Turcograeciae
1237 3389 1288 3430 oo·

185 3460 266 3526 catur
284 3452 434 3532 δικαυίκη.
453 3447 653 3534 ποιμαιπικιίυ
671 3445 787 3532 ῥάβδου
799 3457 883 3512 vocat
896 3452 1039 3531 Gregoras
1055 3452 1074 3512 l
1089 3455 1118 3516 6.

254 3577 319 3632 illd.
353 3568 411 3631 elad
424 3574 474 3644 τῆς
481 3575 560 3644 δίκης
570 3591 589 3630 a
604 3575 709 3630 iustitia
717 3591 767 3630 rox
778 3573 887 3628 deducta
897 3573 1011 3630 iustitiae
1024 3589 1125 3648 quaque
1136 3579 1163 3630 et
1173 3580 1287 3660 potestu-

187 3647 222 3701 tis
243 3645 271 3700 in
302 3645 366 3700 alios
388 3645 545 3699 exercendae
567 3645 708 3714 symbolum
732 3645 902 3714 quodcunque
924 3643 1062 3714 significet.
1104 3645 1152 3700 hoc
1177 3663 1204 3698 m
1225 3663 1289 3730 repe

186 3723 317 3800 sceptrum
343 3720 400 3782 est,
429 3714 455 3767 in
479 3714 599 3784 pontifice
632 3714 725 3784 pedum
747 3713 890 3784 pastorale,
918 3712 944 3767 in
976 3712 1071 3767 abbate
1102 3715 1224 3780 baculus,
1261 3731 1289 3771 ιυ

187 3803 259 3854 tegre
277 3784 389 3839 ministra
406 3783 532 3849 mamus,
556 3782 676 3850 bacillus,
699 3783 786 3836 clara:
804 3783 901 3838 cunctis
917 3780 973 3835 istis
989 3783 1161 3853 exprimendis
1176 3801 1229 3836 vox
1246 3782 1289 3835 δι-

187 3854 315 3908 cavlacav
337 3853 443 3924 propria
468 3857 526 3914 ests
553 3858 582 3906 et
602 3851 695 3906 Latine
719 3851 835 3906 redditur
856 3850 1009 3906 commodine
1026 3855 1107 3924 uirga
1126 3852 1167 3904 rel
1181 3853 1289 3906 daculru

188 3939 264 3993 quam
280 3931 418 3994 sceptrum.
451 3919 575 3975 scribitur
591 3927 618 3973 et
634 3919 793 3975 δεκαυίκιου
809 3928 838 3976 et
854 3919 978 3974 derantur
994 3921 1072 3976 dictio
1089 3940 1106 3976 a
1122 3919 1201 3992 priori
1214 3927 1289 3974 trun-

189 4002 261 4046 catur
279 3988 488 4058 nordecumba,
505 3996 535 4042 ut
550 3990 659 4044 barbare
675 3989 813 4048 Maursius.
847 3991 934 4044 Simon
949 3991 1055 4045 Portiue
1065 3988 1201 4044 δικαυίκιι
1218 3983 1288 4058 λάβε

188 4061 252 4129 dar,
270 4057 407 4134 βολκσςοκ,
425 4057 579 4132 βακτηρία,
596 4055 678 4124 ξύλου
693 4061 808 4114 baculus.
844 4067 1022 4130 consecratus,
1038 4060 1156 4128 inquam,
1172 4059 1287 4126 λπιυλυσ,

189 4132 290 4198 qualem
309 4130 492 4182 caduceatores
510 4127 588 4182 nostri
605 4127 731 4198 gerebant
752 4129 886 4200 primitus,
908 4129 941 4182 de
958 4146 1010 4200 quo
1027 4125 1170 4196 Gregorius
1186 4127 1288 4180 Turau.

189 4199 207 4254 7
221 4202 271 4254 82.-
286 4200 358 4252 misit
376 4199 565 4254 Gundoboldus
582 4199 647 4252 duas
665 4199 767 4268 legatos
783 4201 820 4253 ad
836 4215 927 4270 regem
944 4215 1001 4254 cnm
1017 4197 1104 4266 uirgis
1120 4197 1288 4262 canaccrats's,

188 4269 264 4326 raam
281 4269 363 4326 ritum
380 4269 556 4334 Francorum,
579 4273 609 4322 ut
625 4268 724 4324 scillcet
743 4285 796 4323 ποιι
812 4271 1024 4338 contingerentur
1041 4267 1075 4320 ab
1091 4265 1162 4332 allae
1187 4269 1287 4338 qualem
