2822 4684
180 281 253 355 258
337 281 550 352 GRETSERI
562 283 618 352 ET
632 283 767 352 GOARI
780 283 1117 354 COMMENTARIUS

178 450 285 508 Nicetes
306 449 389 503 Aleou'i
404 449 422 504 3
439 449 457 503 3
475 447 570 502 veteris
587 445 704 502 editionis
721 465 746 516 p.
762 444 825 501 566.
843 463 898 500 erm
916 446 1027 518 ntrapie
1037 445 1170 501 moiandit
1180 463 1206 520 p.
1217 449 1277 506 578.

179 521 298 590 exindep
318 519 370 574 585
387 517 543 571 Bonifatium
562 516 750 570 Martialerrati
767 516 949 583 marchionem,
965 515 1116 570 Belduiaum
1133 517 1279 587 Flaodriaa,

180 591 320 645 Hearicum
343 589 373 640 S.
398 586 473 639 Pauli
498 593 526 639 et
549 585 706 638 badericum
728 583 884 637 Blesensium
900 585 1015 639 comiter
1037 581 1182 654 τοπάρχας
1201 583 1279 650 τινάς

181 655 299 727 εὐγενεῖς
316 654 422 716 scribite
439 670 545 723 quorum
562 669 741 723 praecessores
757 653 1007 722 Hierosolymitanae
1071 655 1189 708 iectionis
1205 663 1278 708 eate-

182 729 319 848 aignaapp,
343 720 485 792 τοπάρχας
508 729 537 777 at
557 719 697 792 αόμητας,
724 738 776 777 aaa
793 739 844 777 uno
860 723 921 778 libri
936 723 1005 778 tertii
1031 739 1079 777 ooo
1095 731 1279 780 memoraverit

183 801 258 852 Aona
298 809 411 848 amoene.

252 916 277 968 p.
287 898 322 952 32
333 912 359 949 v.
371 897 415 950 21.
432 887 588 961 λογοθέττν
604 887 779 965 ὑπηρέτημα]
797 893 830 948 de
842 893 988 948 memoratio
999 892 1132 948 relerebot
1148 893 1182 948 ad
1198 895 1278 966 impe
1386 951 1387 968 γ

182 970 303 1022 retorem.
333 964 389 1018 Leo
404 961 592 1014 Grammaticus
605 961 632 1015 in
645 961 773 1016 Michaele
784 963 934 1034 Theophili:
954 960 1116 1028 Θεόκτιττος
1127 961 1279 1036 tapetem

182 1031 277 1092 trodo
293 1030 334 1096 ele
349 1029 385 1087 τά
402 1025 569 1099 άσηιιρήτεια
586 1031 696 1098 κρατῶν
711 1027 763 1094 τάς
786 1027 949 1101 άναφοράς,
974 1038 1001 1084 et
1020 1032 1102 1086 infra:
1129 1026 1278 1104 ἐκελεύσθη

183 1099 239 1176 μετ’
258 1099 342 1172 ὀργῆς
358 1096 470 1164 άνοῐξαι
486 1093 536 1160 τάς
551 1093 699 1168 άναφοράς
714 1101 763 1156 καὶ
782 1097 950 1170 ἀναγνῶναι.
984 1107 1116 1154 ττεττεοῑε
1127 1119 1227 1172 quoque
1238 1103 1278 1155 lo·

180 1174 304 1244 gothetoe
320 1169 471 1223 auctoritate
486 1167 603 1222 decrevit
618 1168 725 1222 caniclei
739 1169 864 1238 digniter,
881 1175 908 1223 et
925 1178 955 1223 ut
971 1169 1015 1222 ille
1030 1170 1155 1240 rescripta
1173 1166 1278 1242 chryso-

180 1243 301 1324 bullaque
315 1237 436 1309 principio
452 1235 595 1300 emitteret,
646 1253 739 1307 rpura,
765 1256 818 1310 qua
832 1239 889 1292 oola
904 1238 1070 1306 subsignabat
1086 1239 1236 1308 imperator,
1252 1239 1277 1293 ei

182 1326 329 1368 commata:
347 1305 460 1360 caniclco
476 1303 594 1358 restituta
619 1307 719 1375 egitur,
739 1307 865 1362 Maenalia
883 1307 901 1363 l.
920 1308 937 1362 3
954 1307 1022 1376 apud
1038 1307 1166 1362 Nicetom.
1201 1309 1277 1362 fidem

180 1383 286 1450 iusuper
303 1377 352 1430 deo
371 1373 509 1457 etpopulo
528 1383 734 1430 pererraturum
751 1376 778 1430 iu
800 1377 854 1430 eiua
879 1376 993 1429 manibus
1015 1375 1183 1448 pollicebatur
1205 1378 1277 1450 priu-

181 1466 244 1520 cepo
263 1454 383 1502 recenter
399 1444 543 1509 inanem,
562 1451 641 1514 prout
659 1461 706 1498 auo
727 1445 785 1498 loce
800 1447 936 1502 referetur.

265 1583 294 1642 p.
305 1560 347 1624 88
361 1577 379 1617 r
392 1563 416 1622 1.
440 1557 594 1636 domestici]
617 1558 712 1617 diflert
725 1559 779 1618 iste
793 1579 811 1618 a
827 1559 981 1618 domestico
993 1577 1106 1618 mensae
1120 1564 1149 1618 et
1161 1559 1198 1618 ab
1217 1559 1275 1618 aliis

181 1646 348 1708 domesticis.
380 1643 421 1701 ita
439 1642 592 1702 vocabatur
615 1639 697 1725 παρά
721 1640 757 1706 τά
781 1645 968 1724 δομεστίκιον
988 1663 1039 1703 seu
1067 1647 1275 1724 δομεττικεῖον,

181 1733 260 1808 quod
274 1737 318 1792 est
331 1747 377 1787 res
391 1729 560 1807 domestica,
581 1729 659 1788 cuius
674 1730 728 1788 isia
741 1749 835 1789 curam
855 1729 988 1806 gerebat,
1009 1731 1135 1806 quamvis
1155 1731 1184 1788 in
1197 1736 1274 1790 cata-

180 1818 248 1894 logo
263 1813 438 1889 offidalium,
458 1832 544 1891 supra
563 1833 589 1876 c
611 1816 649 1890 2,
668 1833 726 1873 nan
743 1820 921 1893 compareat:
940 1821 1004 1874 erat
1022 1835 1091 1895 ergo
1108 1816 1163 1876 iste
1180 1816 1274 1876 dome-

181 1903 268 1962 sticus
283 1899 449 1976 domestici,
467 1899 503 1956 de
519 1916 575 1974 quo
589 1899 662 1958 inira
674 1901 775 1959 iterum
789 1901 915 1960 Codinus
925 1921 949 1960 c
964 1905 993 1964 7.

250 2025 315 2078 ibid.
348 2027 429 2076 mutet
451 2021 553 2092 quidem
575 2038 690 2085 mum,
715 2027 746 2078 at
771 2022 879 2092 corrigit
903 2029 931 2077 et
956 2023 1084 2076 meliorem
1109 2021 1193 2078 reddit
1220 2023 1273 2076 lte-

181 2093 282 2162 giorum
302 2092 348 2144 AB
367 2090 458 2157 lectio,
476 2108 542 2162 quae
559 2092 623 2145 baec
639 2098 694 2150 cate
713 2090 860 2146 καὶτοῦτο
878 2087 930 2161 plo
950 2092 1023 2146 idaco
1034 2091 1085 2146 τοῦ
1095 2089 1214 2161 μεγάλαν
1227 2095 1272 2144 to-

199 2155 364 2215 obiecerim
385 2155 507 2246 ae'rppa,
530 2155 563 2213 τὸ
589 2155 621 2213 dd
637 2161 688 2214 τοῦ
736 2161 877 2216 ταττιιίον
898 2162 954 2232 (vel
972 2169 1001 2214 ut
1019 2161 1058 2226 B,
1074 2159 1273 2230 μετατατείοτ)

179 2181 356 2300 {crepaturi
393 2247 410 2281 ν
424 2221 548 2293 testata
563 2223 580 2281 d
596 2229 691 2299 βατιλε
710 2248 731 2292 ς.
770 2237 796 2284 et
815 2232 861 2284 boc
879 2247 972 2284 monae
986 2231 1121 2300 propriam
1132 2229 1273 2300 estmagni

179 2301 329 2370 logothetae
346 2297 391 2365 (ad
408 2297 483 2364 reges
502 2297 630 2362 nimirum,
645 2298 757 2352 sultanoe
773 2307 801 2352 et
824 2301 959 2368 toparchae
983 2300 1121 2368 scribere),
1143 2300 1217 2353 iutra
1237 2301 1274 2352 li-

179 2372 256 2422 aaiter
274 2375 362 2420 autem
381 2365 486 2436 imperii
499 2383 588 2419 τοττοτ
606 2367 689 2420 mittit
707 2369 730 2420 is
745 2370 789 2421 cui
805 2369 947 2438 imperator
967 2369 1140 2422 moadooerit·
1173 2368 1211 2421 ibi
1227 2385 1275 2437 pe·

179 2433 320 2490 ταστῖκιον
337 2451 353 2487 a
373 2451 412 2488 me
435 2435 590 2504 appellative
611 2437 849 2503 (Grammaticorum
872 2454 942 2490 more
968 2439 1072 2506 loquor)
1101 2437 1225 2501 sumitur,
1246 2442 1275 2490 et

177 2506 308 2560 subiectas
324 2504 474 2573 imperatori
492 2504 626 2574 regiones,
648 2521 696 2558 ceu
713 2508 826 2559 οττάίτοτ
845 2505 900 2558 eius
916 2505 1055 2572 dicionem,
1078 2507 1177 2558 referre
1192 2506 1273 2559 addu—

179 2576 246 2630 bito.
281 2571 377 2626 certior
395 2572 552 2626 nihilomiuus
573 2575 673 2626 affirmo
690 2574 862 2642 percutimur
876 2575 1008 2646 preprium
1024 2574 1103 2627 cilicii
1118 2590 1207 2628 nomen
1226 2592 1273 2628 ee·

179 2642 345 2708 elimandum,
362 2640 417 2695 eiua
433 2641 546 2712 nimirum
565 2641 606 2694 cui
622 2642 738 2710 negotia,
754 2643 853 2712 imperii
871 2651 978 2709 etatum,
1001 2651 1116 2708 secreta,
1140 2659 1272 2712 personam

178 2715 261 2785 ipsam
278 2711 397 2765 fidentiae
415 2711 548 2768 committit
566 2711 719 2781 imperatore
740 2729 797 2765 cum
816 2729 867 2783 qao
884 2729 958 2766 curas
969 2712 1075 2776 dividit,
1093 2711 1135 2782 qui
1146 2712 1213 2766 inter
1242 2729 1274 2764 o-

177 2782 265 2852 pulum
289 2781 382 2833 militae
403 2786 519 2834 renatum
542 2781 670 2850 principer
696 2787 800 2834 exteros
822 2788 849 2834 et
868 2780 950 2851 ipsum
974 2781 1152 2852 imperatorem
1175 2731 1275 2836 maiia·

179 2859 207 2904 et
222 2857 350 2918 eeqwter
363 2847 515 2914 intercedit,
534 2849 645 2919 quicum
657 2847 690 2902 ad
704 2850 752 2902 boc
763 2867 853 2904 munus
864 2867 914 2902 non
925 2869 956 2904 ex
967 2851 1061 2903 meritis
1072 2867 1182 2920 semper,
1201 2851 1280 2903 velut.

177 2919 325 2986 logotheta,
351 2916 396 2969 red
412 2935 447 2970 ex
463 2917 519 2970 aola
539 2917 661 2987 principia
680 2918 764 2987 gratio
782 2920 870 2972 favore
888 2937 922 2972 ue
939 2919 1094 2983 advocetur,
1115 2927 1186 2974 recte
1206 2919 1275 2972 acri·

178 2987 232 3070 pait
247 2991 354 3052 auctor,
374 2978 410 3066 ed
424 2979 525 3066 dicari
538 2985 712 3069 ppoooraaiov
729 2982 848 3056 ἐνεργεῖν
866 2937 941 3042 tator
960 2988 997 3052 (ei
1016 3004 1122 3060 namque
1132 2987 1275 3058 particulae

177 3073 227 3108 rem
236 3053 392 3138 praemissae
401 3056 526 3122 auogrtur)
545 3073 567 3124 ῳ
586 3045 624 3107 aiv
640 3053 790 3121 προστάξει
806 3051 823 3109 a‘
842 3055 978 3129 βασιλεάςε
995 3057 1045 3110 hoc
1057 3065 1104 3125 est,
1124 3057 1273 3124 meaartieir',

174 3141 251 3196 quan
268 3122 337 3175 dicae
355 3121 498 3189 sequestri,
516 3139 609 3177 manae
626 3141 740 3178 exercere
759 3125 795 3177 ad
810 3143 868 3178 cam
885 3128 979 3179 attinet
998 3127 1041 3180 cai
1049 3127 1209 3196 praeceperit
1220 3128 1274 3178 iea-

174 3199 292 3264 perator.
325 3189 495 3244 meaaedcium
513 3191 652 3244 huiuamodi
668 3192 790 3246 describit
808 3193 915 3247 Nicator
931 3195 1054 3250 Manuelis
1074 3195 1092 3248 l.
1107 3200 1136 3249 lr
1150 3195 1274 3280 psterior·

174 3258 230 3316 cte
247 3255 279 3314 dd
329 3255 446 3314 τεάοντα
464 3257 510 3312 καὶ
522 3261 577 3314 τῶν
589 3257 699 3316 οἰκείαν
709 3257 909 3332 ὗποὸρηττῆρα
920 3261 1115 3333 διαταγμάτων
1128 3281 1179 3317 τον
1186 3259 1271 3332 Ἄγιο-

176 3273 352 3398 crocodilo
371 3327 483 3414 τίθῃτιν
502 3323 645 3400 Ἰωάννην.
679 3329 728 3386 καὶ
751 3321 787 3400 ἦν
811 3327 826 3385 ὁ
850 3328 902 3400 μὲν
917 3333 958 3402 τῷ
969 3331 1107 3402 eporeiam
1123 3333 1176 3387 τοῦ
1192 3332 1274 3402 βατι-

177 3393 246 3460 tiae
263 3393 307 3457 ciel
325 3391 526 3466 ὀττανομενος,
543 3395 591 3452 acl
607 3394 643 3452 τά
659 3395 762 3454 τούτου
779 3392 933 3469 ἐντάλματα
949 3395 1001 3454 ὅσα
1021 3399 1067 3456 aul
1085 3385 1214 3470 ἓμφάτεις
1238 3394 1273 3454 ἔτι

176 3470 335 3534 κρείττονος
356 3466 456 3536 μοίρας
478 3460 664 3537 ἐκδεχόμενος.
699 3487 788 3523 vocem
811 3466 959 3538 μετεάοντα
976 3471 1043 3523 inter
1064 3471 1127 3524 eliae
1149 3472 1272 3535 observo,

175 3537 217 3608 τῷ
233 3531 385 3604 μετάξοντα
401 3535 545 3604 significatu
560 3551 646 3608 parem
657 3553 673 3590 a
684 3539 752 3592 nullo
763 3538 916 3606 negendam:
932 3534 1019 3608 μέγαν
1029 3555 1105 3609 porro
1116 3538 1274 3607 μετάξοντα

176 3605 400 3676 μτοιοτειιὶετίαττ
418 3605 580 3672 Cabaaitem,
598 3624 645 3660 neo
659 3623 709 3660 non
725 3607 801 3660 alium
817 3605 970 3674 μετάξοντα
986 3607 1191 3671 Cauucaaenam
1214 3625 1274 3660 me-

176 3680 259 3728 moret
281 3671 427 3728 chronicon
451 3673 505 3729 ΟΡ.
539 3675 588 3728 iam
613 3693 676 3729 vero
699 3672 755 3730 άπὸ
778 3677 829 3729 τοῦ
851 3672 975 3746 μετάξειν
992 3676 1162 3744 praeceleres
1178 3676 1274 3730 deduci

171 3743 243 3798 eolus
259 3741 360 3811 ignorat
381 3743 424 3813 qui
442 3743 545 3798 Graeca
561 3743 649 3798 nescit.
683 3744 852 3814 μεταττίιαος
874 3744 955 3812 igitur
977 3746 1021 3798 ille
1048 3752 1088 3798 est
1115 3741 1276 3816 μελεδανός

172 3807 547 3881 proceleumaticorum&
572 3807 750 3880 duodenaria
775 3809 978 3882 διαταγμάτων,
1004 3815 1055 3868 τοῦ
1079 3811 1211 3886 βασιλέως
1233 3809 1276 3868 τοὶ

174 3875 330 3949 ἐντάλματα
344 3876 392 3932 καὶ
408 3873 538 3946 ἐμφάσεις
554 3875 745 3956 ἐκδεχόμενος,
769 3898 843 3950 quem
862 3883 968 3936 eundem
986 3885 1129 3938 auctorali
1147 3880 1275 3952 ἐνεργεῖν

175 3941 245 4002 δάν
260 3943 385 4013 inertior
402 3943 418 4000 ὁ
437 3943 571 4017 βασιλεύς.
605 3951 680 4015 talia,
706 3968 745 4004 me
766 3951 864 4021 iudice,
886 3959 947 4006 ente
963 3953 1121 4020 tyrannidem
1138 3958 1276 4023 arreptam
1386 3969 1387 4010 l

173 4016 224 4070 luit
243 4017 358 4079 Phocae,
385 4016 430 4084 qui
448 4007 666 4084 torehaeipeoca
690 4020 862 4090 Theophane,
890 4039 908 4074 a
929 4024 1011 4074 acan
1033 4023 1167 4077 mandatio
1188 4021 1277 4076 faisse

173 4085 293 4138 scribitur
308 4085 336 4136 in
355 4083 497 4168 Maurici&
515 4086 559 4154 qui
575 4085 601 4140 iu
618 4087 691 4149 aula,
711 4089 780 4157 quod
795 4091 928 4144 mandator
942 4089 970 4142 in
986 4091 1119 4156 exercitu,
1142 4086 1180 4147 τά
1195 4108 1275 4159 μαν-

173 4151 247 4208 δάτα
263 4149 356 4224 γνάμη
374 4153 426 4205 τοῦ
448 4171 582 4220 αρχοντος
602 4153 714 4226 διδούς,
737 4159 932 4228 exsequebatur.
968 4159 1007 4212 ita
1030 4160 1168 4213 Mauricius
1192 4161 1275 4222 alius,

173 4222 310 4341 atliteram
328 4213 513 4291 'l'beophaoeez
541 4219 557 4280 d
581 4221 697 4296 στρατὸς
718 4219 924 4302 ἕντολαιαρίονς
941 4221 1045 4300 ἔπεμψε
1058 4223 1130 4301 πρὸς
1145 4223 1197 4285 τὸν
1217 4228 1276 4301 βα-

171 4304 198 4342 τι
214 4307 256 4343 aa.
307 4326 309 4332 τ
