2798 4690
404 361 407 370 .
446 365 451 370 .
488 294 533 376 IN
555 293 705 379 CODINI
731 295 822 380 0th
844 297 888 380 Y·
981 367 983 372 ,
1170 297 1244 384 261

211 455 246 512 ib.
262 471 290 512 v.
319 457 361 512 18.
380 450 542 578 dissipem}
556 456 670 539 li'rancos
687 456 764 540 solos,
785 455 811 510 ld
828 461 868 512 est
879 455 979 541 dailos,
991 457 1042 541 hoc
1053 457 1152 512 nomine
1163 459 1244 533 primo

143 526 272 579 uocabant
293 525 407 591 Graeci,
429 525 498 580 unde
536 543 600 580 rvrso
619 543 635 578 a
654 526 761 578 Francis
773 531 800 580 et
812 526 920 580 Graecas
931 527 1035 598 impetro
1046 533 1121 581 vetus
1135 545 1244 597 prover-

143 595 213 648 bium
234 590 362 666 Φραγκον
380 593 462 662 φίλον
480 589 560 664 ἔχῃς,
586 594 695 662 γείτονα
709 587 747 664 μὴ
766 590 836 666 ἔχῃς.
872 596 1020 672 Cedrenns,
1042 604 1094 650 tum
1114 596 1139 651 io
1157 596 1245 650 Leone

144 663 234 747 isauro
254 674 306 745 turn
323 663 397 730 alibi,
416 657 488 745 ρῇγα
508 662 646 745 harpyiae
661 663 765 732 laudat,
786 679 861 733 quem
882 682 933 718 nou
955 665 1032 718 aliurn
1050 681 1067 717 a
1088 663 1245 720 Francorum

144 733 667 870 tirhtilitliiitiiifiitii
685 731 1247 870 libidimisiiiiiissiiiibiet

144 871 274 992 {apollines
299 867 477 992 iuGMichasle
503 838 740 990 Partapimpciii,tet
756 821 1009 993 Nicieggdltlaouoiis
1029 871 1081 954 1κῖ
1102 867 1248 992 §egyptii-uc

144 955 1248 1078 a{tiliistitidtiiitittsillitis,‘iiiiiiziiiiaiti

144 1093 213 1128 nerra
233 1077 252 1132 i.
270 1079 294 1132 8.
318 1025 503 1140 dadoioriporr
525 1082 610 1129 tameo
636 1075 778 1145 Φοανγίαν
804 1073 865 1130 κατ’
890 1071 990 1148 trama
1010 1077 1130 1146 inteiligit
1154 1094 1192 1131 ms
1210 1079 1245 1132 R.

145 1163 171 1198 n.
192 1145 254 1198 290.
289 1143 395 1198 Latinos
415 1159 579 1214 quoscunque
601 1161 632 1196 ac
654 1145 761 1199 maxime
784 1145 876 1198 Gallos
898 1146 940 1198 hic
961 1154 1110 1200 memoratos
1133 1154 1247 1214 autumo,

145 1229 213 1296 quos
233 1207 394 1334 αίέοχαρεζς
409 1209 457 1268 καὶ
479 1209 658 1282 πολεμικούς,
683 1230 714 1268 ac
734 1213 828 1268 iterum
850 1209 980 1278 ἃντικούς
1004 1213 1147 1286 Φράγγοκς
1167 1225 1247 1278 vocat

146 1290 238 1336 matus
282 1281 437 1352 nropnlates.

114 1401 123 1412 ·
227 1390 256 1449 p.
270 1369 312 1433 34
324 1390 350 1429 v.
367 1374 395 1434 1.
426 1372 511 1441 Quod
532 1369 600 1432 dicit
624 1369 798 1450 Caropalsta
819 1370 967 1448 eodinus,
988 1372 1160 1450 coropalates
1180 1374 1242 1433 offi-

144 1456 234 1532 cium,
256 1474 313 1531 quo
327 1457 395 1516 olim
407 1457 594 1534 frangebatur,
614 1457 701 1514 fuisse
720 1475 773 1515 suo
792 1461 918 1535 tempore
938 1459 1130 1537 incognitum,
1150 1459 1180 1516 id
1193 1460 1245 1516 mi-

143 1546 221 1600 retur
236 1541 394 1619 neanias,
414 1541 524 1621 sibique
547 1543 577 1600 id
591 1547 650 1600 tum
664 1542 748 1617 longe
762 1542 843 1600 anuis
861 1542 959 1602 dissito
973 1544 1117 1619 cognitum
1132 1541 1247 1622 prolite-

142 1637 205 1704 tur,
225 1627 311 1702 idque
332 1648 367 1686 ex
382 1628 506 1704 Euagrio
520 1629 540 1690 5
558 1629 591 1688 1:
607 1622 663 1704 τὴν
677 1622 817 1704 φυλακὴν
837 1630 893 1704 τῆς
908 1619 1003 1700 edisio
1016 1629 1248 1707 ἐμπεπιστευμέ-

143 1735 212 1784 νος,
241 1706 260 1772 δ’
282 1711 511 1789 κουροτταλάοην
531 1709 553 1789 ἦ
571 1708 722 1788 Ῥωμαίων
749 1708 825 1791 λέγει
844 1707 944 1790 φωνή.
973 1710 1058 1770 habet
1080 1715 1163 1772 etiem
1181 1715 1246 1772 aula

144 1795 314 1854 Theoderici
333 1797 504 1856 Gotthornm
525 1795 599 1872 regis
621 1795 827 1874 curopalatem,
852 1796 890 1852 ad
910 1815 994 1872 quem
1014 1803 1107 1856 exstat
1126 1799 1245 1858 formula

142 1881 161 1940 Ι.
181 1885 200 1944 7
221 1878 366 1940 vanarum
385 1881 561 1954 Cassiodori5
576 1898 667 1956 ·quem
689 1880 732 1940 ita
753 1879 885 1938 describit
906 1887 939 1939 nt
961 1881 1030 1942 nihil
1056 1882 1132 1940 aliud
1157 1885 1244 1958 fuisse

143 1967 273 2024 videatur
297 1984 382 2041 quarn
400 1985 524 2026 summus
544 1966 758 2025 architectorum
777 1970 808 2024 et
826 1965 1056 2026 architectonicae
1076 1969 1245 2047 praelectus,

52 2075 54 2080 ·
144 2051 191 2110 aa
204 2053 472 2127 oberst-buomer'ster,
493 2070 579 2117 auree
596 2051 676 2128 virga
687 2053 815 2115 decorus.

118 2209 126 2223 x
213 2147 249 2218 ab,
265 2164 292 2202 v.
312 2149 339 2203 9.
364 2148 534 2220 μολυβδίνην
557 2143 671 2219 horitan]
698 2147 732 2200 de
752 2146 834 2202 cardo
852 2146 926 2201 buflis
943 2163 1036 2218 supra,
1057 2148 1102 2200 ubi
1120 2148 1245 2216 doohry-

145 2216 253 2271 sobullo.
289 2216 322 2270 de
338 2218 457 2286 plumbea
474 2218 554 2274 locum
574 2219 674 2284 profert
691 2215 878 2287 Luitpraudus,
896 2217 940 2269 ubi
956 2233 1053 2269 merces
1063 2233 1078 2270 a
1088 2224 1165 2288 portu
1178 2219 1246 2273 elie·

145 2285 237 2339 rendas
254 2287 374 2356 plumbeo
384 2285 553 2358 imperatoris
572 2287 644 2340 bollo
662 2294 768 2340 notatus
783 2287 876 2339 asserit
893 2286 920 2338 in
935 2285 1072 2354 legatione.
1091 2313 1094 2322 .

214 2371 249 2427 r'b.
268 2389 295 2426 v.
315 2372 363 2429 15ιτ
376 2369 454 2441 φέρει
468 2367 521 2441 τὴν
537 2372 589 2425 τοῦ
606 2365 737 2454 βασιλέας
754 2367 883 2440 σπάθην]
900 2371 928 2454 id
940 2371 976 2454 illi
986 2371 1102 2456 primitus
1111 2389 1143 2424 ex
1156 2371 1243 2426 officio
1334 2409 1336 2414 -

145 2455 294 2494 cencessum
311 2441 416 2496 aaran
433 2460 450 2496 a
467 2442 625 2510 Theophane
636 2458 662 2494 un
673 2439 799 2494 hirchhela
810 2440 963 2512 Theophrlr:
980 2457 996 2494 o
1014 2440 1243 2506 Βαοίλειοςκερι-

146 2504 243 2592 rasicae
259 2509 356 2578 φορῶν
373 2506 578 2579 οκαραμάγγιον
594 2504 662 2575 μετὰ
678 2509 819 2577 comblou,
844 2505 880 2572 ὣς
903 2505 973 2572 ἔθος
987 2513 1047 2570 τοῖς
1062 2511 1265 2578 καρακοιμω-“
1342 2563 1346 2571 ,

143 2595 247 2646 μονοις.
279 2579 347 2632 sacri
360 2578 471 2633 cubiculi
484 2578 659 2651 praepositum
676 2579 812 2646 pluvialem
827 2579 990 2647 imperatoris
1004 2586 1103 2632 vestem
1120 2579 1244 2633 imbribus

145 2655 173 2700 et
189 2645 281 2716 frigori
295 2649 474 2718 propulsandis
494 2649 518 2700 ei
534 2648 691 2700 offerendam
705 2647 795 2700 tulisse
812 2647 888 2700 docet
901 2647 1080 2701 Leunclarius.

231 2753 266 2811 ib.
285 2772 312 2811 u.
330 2743 518 2818 16.'Miratur
531 2753 632 2812 iterum
653 2753 793 2812 Meursius
813 2753 999 2830 ignorantiam
1025 2753 1145 2832 Cadini,
1167 2756 1246 2830 quod

145 2837 308 2916 logothetae
339 2840 475 2916 generalis
496 2859 597 2897 munus
618 2838 790 2916 incognitum
810 2839 895 2896 fuisse
914 2839 1031 2898 scribat:
1062 2840 1148 2897 irrisae
1171 2840 1245 2897 enim

145 2925 316 3002 praesectum
330 2926 426 2983 aerarii
441 2924 586 3002 generalis.
608 2925 660 2982 sed
676 2923 758 2982 liceat
778 2923 888 2984 Codiuo
912 2925 982 2982 citra
1000 2925 1246 3004 reprehensionem

145 3009 285 3084 quaedam
298 3009 445 3088 ignorare,
468 3011 696 3086 quandoquidem
710 3009 849 3068 Meursius
863 3010 955 3068 omnia
968 3010 1029 3068 scit.

214 3123 250 3174 it.
270 3139 297 3176 r.
318 3124 359 3177 18.
379 3123 498 3192 aethios]
517 3129 547 3176 ut
564 3123 697 3186 monachi,
717 3123 755 3176 ita
774 3128 801 3177 et
819 3124 949 3193 episcopi,
966 3123 1097 3192 inquibus
1108 3140 1245 3178 versaren-¹

145 3201 188 3244 tur
207 3190 301 3256 aedes,
324 3208 452 3244 vocavere
475 3192 577 3246 κείλία.
611 3191 704 3245 isaacii
721 3191 814 3260 hogeli
840 3193 952 3246 Novella
977 3193 1044 3246 Iuris
1061 3193 1113 3244 GR
1129 3210 1155 3260 p.
1179 3195 1243 3247 172:

146 3255 268 3314 ἄκεστοὶλ
289 3274 341 3312 σαν
358 3257 397 3322 είς
413 3255 448 3313 τοὶ
467 3253 497 3312 ἓν
514 3257 557 3321 οἷς
572 3255 719 3328 καταμένει
736 3256 860 3314 astituri
879 3261 1012 3324 Κυζίκου.
1048 3269 1075 3313 et
1091 3261 1176 3313 inira:
1203 3255 1242 3313 sl-

146 3345 203 3382 πον
220 3277 404 3396 μῄᾏφεοοεῖν
421 3323 508 3381 αὐτὸν
525 3321 555 3382 ἐν
571 3331 631 3389 τοῖς
647 3323 736 3380 αὐτοῦ
752 3328 877 3392 aritium.
912 3330 1086 3400 patriarchae,
1105 3335 1134 3380 ut
1153 3348 1168 3382 e
1186 3347 1244 3381 mu-

147 3396 267 3450 nasteriis
286 3397 427 3465 assumpti„
439 3398 513 3450 etiam
532 3397 558 3449 in
577 3397 731 3466 patriarchio
748 3399 856 3466 cossum,
874 3392 907 3450 τὸ
919 3397 1042 3464 meillev,
1059 3402 1127 3450 teste
1139 3398 1246 3450 Euche-

145 3467 217 3536 logio
236 3474 341 3532 nostro,
360 3473 519 3535 repererunt.
552 3465 651 3535 ipsique
660 3465 762 3522 taudem
772 3467 939 3536 imperatores
950 3467 1179 3520 ecclesiasticorum
1191 3485 1245 3521 mo-

146 3554 203 3590 rum
218 3534 324 3601 aemuli,
341 3534 373 3587 de
391 3552 442 3616 quo
462 3542 523 3592 uota
539 3534 622 3606 prima
638 3534 664 3585 in
684 3535 856 3605 curopalates
871 3535 1002 3589 historiam
1018 3536 1127 3600 disserit,
1149 3537 1176 3589 in
1195 3553 1245 3606 pa-

147 3605 212 3659 latio
228 3611 362 3674 augustam
379 3604 428 3657 subi
444 3603 579 3656 condidere
598 3601 706 3668 cellam,
725 3605 752 3656 in
768 3622 843 3676 quam
861 3604 972 3656 tumultu
986 3605 1143 3672 negotiorum
1162 3607 1245 3675 erepti

147 3693 177 3727 se
195 3673 347 3743 reciperent.
381 3673 408 3724 in
425 3673 566 3725 huiusmodi
581 3672 725 3742 penetrale,
745 3683 817 3725 retro
837 3673 978 3726 cubiculum
1000 3673 1106 3728 interius
1123 3676 1245 3744 positum,

148 3744 256 3796 secessit
275 3744 308 3795 ab
324 3742 410 3794 amicis
428 3743 535 3795 monitus
553 3742 712 3795 Andronicus
728 3742 828 3806 senior,
852 3760 883 3794 ne
901 3743 961 3811 quid
975 3741 1002 3795 in
1020 3761 1076 3795 eum
1096 3744 1244 3797 molirentur

147 3811 253 3864 iunioris
272 3813 389 3866 fautores
411 3811 438 3862 ia
458 3810 586 3864 exteriore
603 3811 716 3863 triclinio
735 3817 846 3874 stantes:
873 3810 979 3865 τούτων
993 3808 1114 3874 οἰκούσας
1131 3811 1146 3865 d
1165 3812 1244 3884 βασι-

148 3877 209 3943 λεὺς
225 3876 327 3948 ἀνίστη
344 3897 374 3934 τε
392 3875 493 3934 αὐτίκα
509 3880 561 3934 τοῦ
578 3876 687 3948 θρόνου
711 3876 759 3932 καὶ
783 3874 853 3948 mode
875 3875 925 3936 τὸν
946 3875 1095 3946 ἐνδότερον
1119 3879 1243 3935 οἰκίσκον

147 3943 257 4018 ἐχώρει,
280 3944 331 4003 τὸν
353 3943 420 4002 νὲον
444 3946 557 4019 βασιλέα
574 3953 634 4010 τοῖς
650 3943 838 4016 ἀκροωμένοις
853 3943 911 4017 ἅμα
926 3942 1004 4018 παρὰ
1021 3947 1071 4005 τὸν
1088 3945 1139 4015 ἔξω
1156 3967 1242 4005 κατα-

148 4017 244 4071 λιπών.
278 4019 316 4071 ita
340 4020 533 4072 Cautacuzenus
559 4019 575 4071 1.
597 4019 608 4070 l
628 4019 711 4074 ο.13.
733 4025 760 4070 at
780 4035 802 4070 c.
818 4019 834 4071 5
853 4035 902 4071 non
922 4019 1001 4072 minus
1019 4027 1151 4088 angustam
1167 4035 1243 4087 quam

149 4094 280 4171 augustam
301 4088 430 4157 depingit,
455 4087 519 4140 adeo
539 4097 568 4141 ut
587 4087 685 4140 iuvenis
708 4088 845 4156 imperator
869 4083 962 4141 εἰσιὼν
982 4089 1034 4140 τοῦ
1052 4085 1175 4141 οἰκίσκον
1191 4082 1243 4154 τὴν

149 4158 260 4224 hepar,
277 4150 307 4210 ἔν
326 4147 353 4228 p'
365 4157 493 4224 καθῆστο
510 4153 641 4225 συνήθως
658 4153 674 4209 ὁ
691 4153 830 4227 βασιλεία,
856 4155 994 4210 stemmatis
1011 4157 1038 4208 in
1058 4157 1142 4226 capite
1165 4157 1244 4225 positi

148 4225 247 4294 lapidea
263 4227 296 4278 ad
313 4226 503 4296 superliminare
526 4226 625 4282 serdus
649 4225 762 4282 alliserit
798 4226 832 4282 de
848 4227 957 4287 editoris
973 4225 1029 4279 sire
1047 4224 1244 4280 cubiculariisa

148 4295 216 4348 celto
234 4295 310 4350 dietis
326 4297 381 4366 agit
396 4297 524 4354 Phrauzes
544 4299 561 4354 2
579 4301 604 4354 i.
1170 4298 1172 4306 ’
