2802 4686
163 267 239 342 ere
320 260 601 337 canrsnarar
618 264 751 338 eorm
764 205 1133 352 conanimis.

161 433 308 516 duodecim
347 433 482 494 nsanos.
522 429 600 492 locas
625 431 658 492 in
693 447 753 510 quo
782 431 827 494 lus
860 430 992 508 (licebat,
1026 436 1060 494 et
1089 447 1162 513 qaae
1191 448 1262 494 suae
1386 487 1387 504 ,

161 513 312 580 funcfionis
333 523 415 578 aaut
455 523 515 576 tam
554 516 716 578 asservabat
750 536 836 594 quam
862 517 1035 596 peragebat,
1076 525 1262 598 χορτοφολο-

162 611 248 670 rraiou
270 605 431 676 dicebatm3
460 603 538 677 qaod
558 621 661 661 nomen
679 605 803 680 reperies
827 598 1036 666 tom.''1luris
1056 602 1261 666 Graeco-Rom

162 691 211 754 ioh
227 689 297 756 256.
313 689 391 750 etde
403 687 519 747 notaris
532 686 740 766 chartophylaci
764 687 1000 747 subservientibus
1022 689 1128 748 mentio
1147 708 1263 780 quoqne

162 773 198 838 fit
218 773 265 832 fol.
288 773 357 838 249.
399 771 529 830 scribitm
556 778 587 830 et
605 767 846 856 χορτοφολὰκων
868 793 886 832 a
908 775 1013 852 Suida,
1041 774 1079 832 de
1106 793 1164 854 quo
1188 776 1263 839 hanc

165 858 331 941 praescribit
357 856 499 935 regulam,
529 857 622 917 nescio
651 876 736 936 qaam
763 877 872 918 veram:
903 857 941 920 ccl
962 854 1044 938 παρὰ
1060 853 1094 920 τὸ
1117 857 1262 938 φυλάσσω

166 937 265 1007 πάντα
281 939 332 1009 drrl
344 947 400 1006 rori
413 943 487 1004 loiru
504 936 650 1024 γράφεται
665 943 716 1006 acl
730 938 988 1026 προπαροξύνεται
995 959 1007 1022 ,·
1025 936 1094 1007 otoo
1110 968 1264 1029 χαρτοφο-

167 1024 292 1103 uincor,
305 1023 611 1110 θηοαοροφυλάκιον,
628 1025 869 1107 oaeuoputa'usou
897 1029 951 1092 eat
970 1027 1007 1094 rol
1023 1023 1141 1106 τούτοις
1162 1026 1264 1112 ὅμοιοι,

168 1112 250 1196 πλήν
261 1117 317 1174 τοῦ
335 1114 577 1190 σιτοφολακεὶοο.

253 1213 341 1273 roro
365 1231 429 1272 eum
448 1213 599 1274 naamon
630 1219 660 1274 et
681 1213 728 1272 aar
750 1198 1136 1294 chatcphyllaamcmnibus
1151 1215 1265 1279 omnus

169 1315 341 1382 praeponere
362 1299 526 1373 videantur,
553 1301 612 1358 sive
641 1300 817 1381 negotiorum
845 1301 904 1358 sire
927 1299 1132 1377 privilegiorum
1157 1303 1266 1378 magni-

169 1389 296 1448 tudinem
313 1390 342 1442 et
357 1383 563 1443 multitudinem
577 1389 704 1463 spectes,
730 1386 831 1444 merito
852 1385 944 1443 mirari
965 1387 1055 1463 possis
1072 1405 1121 1446 cur
1139 1387 1267 1444 Codinus

170 1478 267 1531 tantae
295 1469 439 1547 dignitatis
472 1470 561 1528 virum
587 1475 689 1545 quarto
717 1469 778 1529 loco
801 1470 830 1528 iu
864 1471 954 1546 prima
985 1473 1108 1548 pentade
1142 1472 1267 1532 collocet.

171 1575 209 1616 an
238 1555 363 1614 ordinem
392 1554 537 1632 diguitatis
565 1573 623 1613 non
656 1553 801 1614 servavit?
842 1573 880 1613 aa
906 1561 937 1614 et
966 1557 1270 1620 caeteriuxooetaeocli

172 1641 310 1722 episcopis
329 1641 585 1718 anteponebantur,
609 1641 721 1698 tametsi
741 1641 919 1700 diaconorum
942 1642 1023 1717 quasi
1039 1661 1153 1701 munere
1168 1643 1269 1720 funge-

171 1732 284 1803 rentur,
298 1724 380 1782 'sicat
391 1729 421 1782 et
441 1725 496 1781 iam
514 1725 544 1782 in
566 1723 681 1783 eoelesia
702 1725 831 1786 Romana
858 1727 966 1784 diaconi
988 1727 1139 1786 cardinales
1157 1733 1270 1786 antece-

172 1813 246 1870 dunt
258 1827 353 1870 omncs
369 1809 538 1888 episcopos?
579 1815 609 1869 et
625 1817 701 1870 oerte
716 1811 764 1870 isti
785 1813 960 1872 exocatacoeli
973 1813 1102 1872 ridentur
1118 1814 1148 1872 iu
1164 1810 1270 1896 'Cpoli-

173 1902 241 1956 tana
253 1895 367 1975 ecclesia
384 1896 465 1970 quasi
480 1893 629 1955 cardinales
645 1897 740 1958 tuisse.

258 1997 407 2057 Coronidis
434 1996 497 2057 loco
533 1999 669 2058 addamus
705 1991 893 2057 definitionem
924 1994 1146 2076 chartophylacis
1186 2014 1272 2074 quam

173 2073 379 2160 Tureograecia
400 2083 483 2142 affert
500 2083 548 2142 fol.
571 2085 633 2148 203
658 2101 692 2142 ex
715 2080 884 2158 Pachymere
908 2080 1091 2160 Augustano:
1118 2077 1273 2163 χορτοφύ-

174 2166 267 2244 leid
293 2172 395 2230 asinar
420 2165 571 2232 ὕποθεσιν
606 2161 728 2248 διάγων.
772 2185 844 2243 quae
874 2173 969 2226 tamen
1003 2165 1126 2228 delinitio
1158 2168 1273 2226 restriu-

174 2253 283 2334 genda,
303 2271 340 2312 ae
362 2251 477 2312 caeteris
485 2253 672 2313 crocatacoelis
688 2249 756 2312 nihil
779 2272 895 2333 prorsus
922 2255 1000 2330 quod
1018 2259 1107 2332 agant
1122 2259 1273 2313 remaneat.

260 2370 347 2450 Apud
368 2369 501 2430 Ioannem
517 2371 645 2434 ,Cinium
677 2372 845 2450 proponitur
873 2371 942 2432 haec
965 2372 1107 2452 quaestio:
1133 2393 1171 2432 aa
1193 2373 1274 2431 liceat

176 2459 311 2531 cainiti,
337 2461 474 2534 maerente
508 2453 721 2537 chartophylace,
747 2457 830 2518 allai
861 2462 946 2519 cuiuis
969 2462 1127 2518 committere
1154 2461 1274 2537 potesta·

177 2548 230 2602 tem
246 2540 373 2619 maadi
391 2540 432 2600 uel
451 2541 594 2618 sigillasti
616 2541 685 2619 (τοῦ
705 2541 936 2620 σημειοῦσθαι),
957 2543 1034 2622 idque
1060 2544 1101 2604 acl
1120 2563 1217 2622 semper
1231 2541 1274 2602 vel

180 2633 286 2688 tantun
313 2625 389 2688 renel
419 2631 468 2686 aut
494 2628 642 2708 aliquoties.
684 2629 837 2706 respondet
863 2629 968 2688 circius
996 2647 1055 2688 non
1077 2628 1171 2688 licere:
1207 2645 1276 2688 nam

179 2708 215 2776 ro*
243 2715 444 2792 σημειοῦσθαι
465 2708 502 2774 rol
528 2712 795 2792 ‚auprpalrrrovrm
828 2717 936 2789 signare
972 2733 1039 2793 quac
1067 2719 1096 2774 io
1120 2714 1176 2773 dier
1205 2717 1277 2773 iaci·

181 2798 264 2872 duat,
281 2796 468 2856 inuiolabiliter
479 2798 688 2877 chaaophplacir
699 2798 925 2876 qticioaaucaum
936 2819 1006 2873 erse,
1019 2803 1081 2868 nisi
1089 2799 1165 2878 forte
1176 2800 1277 2862 huius·

181 2882 254 2942 modi
266 2881 329 2959 quid
336 2880 491 2958 fodendum
507 2887 544 2942 rit
561 2885 637 2960 laage
651 2883 744 2943 dudio
757 2889 788 2944 ia
807 2885 879 2954 tao,-
906 2890 962 2943 tum
975 2888 1042 2944 euim
1052 2883 1199 2963 praesulem
1211 2888 1279 2942 nat·-

181 2972 235 3026 terc
244 2985 318 3044 posse
331 2985 405 3052 quem
416 2966 489 3026 uelit.
529 2969 749 3030 attrahentem
768 2970 811 3030 oet
830 2972 993 3046 aegrotantis
1012 2973 1095 3032 uicem
1116 2971 1187 3030 obire
1207 2989 1279 3030 com·

181 3055 386 3112 mmtancurera.
496 3105 500 3116 ,
987 3073 1001 3096 e

263 3151 310 3214 De
344 3150 558 3231 chartophylace
591 3153 632 3212 ita
663 3154 759 3214 scribit
791 3153 957 3217 Anastasius
989 3153 1213 3216 bibliothecarius
1248 3153 1279 3214 in

180 3237 255 3298 notis
280 3239 318 3298 ad
335 3237 481 3297 Actionem
507 3241 658 3299 secundam
683 3241 784 3318 synodi
810 3246 925 3300 octavae
953 3240 1005 3300 abs
1033 3261 1066 3300 se
1091 3242 1121 3299 in
1146 3239 1280 3298 Latinam

77 3333 167 3390 P161
184 3323 309 3402 linguam
347 3341 504 3383 conversae.
553 3326 747 3404 chartophylax
776 3329 965 3405 interpretatur
1001 3327 1165 3386 chartarum.
1183 3331 1279 3388 curtos.

175 3409 305 3490 pingitur
333 3415 421 3470 autea
447 3410 533 3488 rapticio
559 3411 751 3490 chartophylax
777 3412 851 3490 apud
879 3411 1014 3470 ecclesiam
1038 3405 1207 3490 Gpolitaaam
1229 3429 1282 3489 quo

180 3495 394 3554 bibliothecarius
426 3494 500 3574 apud
531 3495 682 3571 Romanor,
709 3498 820 3556 indutus
848 3497 970 3556 uidelicet
996 3497 1092 3576 r'osalir
1109 3496 1281 3556 ecclesiasti·
1386 3529 1387 3534 κ

182 3599 269 3638 caum
283 3583 462 3638 οἰοίείτοτοοι
476 3587 501 3638 et
512 3601 596 3657 agens
610 3582 788 3642 ecclesiastica
802 3589 899 3641 macta
915 3601 1025 3660 prorsus
1047 3583 1184 3660 obsequia,
1206 3601 1282 3640 exce-

178 3667 236 3742 ptis
255 3665 311 3726 ille‘r
331 3665 394 3723 solie
416 3685 483 3743 quae
501 3665 540 3725 ad
564 3667 726 3726 sacerdotale
750 3667 900 3745 specialiter
918 3685 951 3726 cc
961 3671 1066 3746 proprie
1081 3670 1211 3745 pertinere
1219 3686 1284 3744 pro·

184 3749 284 3806 henim
303 3747 426 3826 officium.
468 3753 524 3810 riae
544 3751 591 3809 illo
605 3759 742 3831 practerea
762 3751 853 3810 nullus
868 3752 1022 3829 praesulum
1035 3759 1084 3811 aut
1099 3753 1250 3811 clericorum
1263 3771 1283 3810 a

180 3833 411 3912 subvenientia
424 3842 585 3913 conspectum
594 3839 766 3914 patriarchae
779 3839 978 3912 intromittitur3
1000 3838 1090 3896 nullus
1105 3838 1284 3896 ecclesiactica
1386 3885 1387 3918 3

186 3923 330 3978 coercear·
338 3925 537 3997 praesentatum
554 3922 655 3980 nullius
666 3923 777 4001 epistola
790 3924 962 4001 patriarchae
977 3926 1059 3982 missa
1075 3926 1212 4000 recipitur,
1230 3923 1286 3979 οἱοί
1386 3945 1387 3952 ¹

182 4003 256 4082 sorte
272 4007 414 4063 acaetair
427 4005 591 4082 patriarchis
605 4010 745 4078 initiatam
764 4009 854 4068 nullm
873 4007 911 4066 ad
923 4009 1107 4085 praesulatum
1120 4007 1163 4065 vel
1172 4008 1284 4066 alteriue
1386 4009 1387 4042 ³

191 4089 292 4150 ordinis
305 4089 455 4150 clericorum
466 4092 520 4149 riae
536 4091 574 4149 od
586 4096 797 4169 pracpeu'turam
814 4095 1029 4153 amastrinam
1044 4092 1212 4172 provehitur,
1230 4092 1286 4149 oiri

190 4177 241 4233 istc
258 4175 326 4235 hunc
342 4175 467 4254 approbet
479 4181 506 4236 et
519 4175 673 4238 commercist
684 4183 764 4258 atquc
781 4179 813 4240 cle
826 4180 872 4240 illo
885 4181 939 4257 ipsi
957 4177 1130 4257 patriarchae
1153 4180 1287 4254 suggerat
1386 4239 1387 4242 Ἴ

191 4265 217 4318 et
232 4262 288 4340 ipre
299 4265 454 4342 maculet.
