2822 4684
155 235 229 308 rer
305 195 589 306 enrrsrmnr
604 230 740 306 ,sorar
758 231 1092 302 couururmrus

156 401 308 482 spumam:
324 408 355 460 at
368 401 398 460 in
408 399 497 461 altero
507 401 710 478 distortionem
722 394 839 460 obtinet
858 399 899 464 86
909 397 1001 458 locum
1011 403 1112 460 tenent
1124 398 1257 482 (taddaei.

49 499 69 549 P
90 497 141 556 190
156 510 213 568 χοι.
230 487 369 566 interpres
381 487 465 546 vertit
489 487 607 556 lictorerr
627 491 725 546 noster
741 484 826 544 index
848 483 1018 545 rhabdnchis
1037 491 1123 546 caret
1141 494 1210 547 sunt
1226 494 1257 548 et

157 573 227 632 aliae
250 573 441 650 diversitates,
460 589 532 648 quas
559 570 648 630 lector
668 573 767 630 mutua
788 569 935 649 utriusque
959 568 1083 650 mtalogi
1108 571 1258 634 wbatione

158 655 412 821 depreplllidbltt.
444 737 581 798 Pincerna
605 737 759 820 pocillator.
788 693 917 798 scribitur
940 738 1025 798 otiam
1048 736 1213 821 ursima-
1226 740 1258 801 in

141 855 143 860 ·
158 826 249 886 indice
261 826 333 886 Iuris
345 823 587 884 Graeco-Romani
604 829 757 884 annomtnr
769 831 800 884 et
811 822 984 902 approbatur
997 823 1080 884 lectio
1090 826 1146 885 ista
1160 824 1179 889 d
1195 825 1259 888 ἔπι-

158 909 275 987 κέρνης.
292 911 346 970 sed
364 916 491 970 tueamur
501 909 658 991 vulgatam:
680 907 884 990 alioquipauo
900 914 967 992 post
980 916 1113 990 exsugat
1127 912 1176 989 qni
1188 912 1259 972 divi·

158 997 212 1056 sim
231 996 309 1074 legat
322 994 340 1060 d
353 994 400 1059 tal
416 993 532 1079 κέρνης.

226 1110 294 1164 ibid.
325 1111 451 1180 piscoso
479 1109 577 1164 Ιιαῑὶιιίι
598 1108 676 1164 dodo
705 1109 824 1180 cognita,
848 1124 888 1185 ‚ex
919 1122 987 1176 qna,
1022 1111 1053 1162 nt
1082 1111 1172 1162 rentsu
1200 1107 1258 1179 qui-

160 1172 233 1248 dem',
253 1180 466 1234 Graecobarbsra
484 1173 645 1248 πιγκέρνηςι
670 1183 700 1232 st
715 1180 738 1234 ri
753 1178 813 1234 mihi
830 1177 973 1230 fidemnon
991 1177 1091 1232 omnino
1109 1177 1260 1248 dempseris,

159 1249 219 1318 ipsa
246 1243 379 1317 πικὲρνης
401 1264 521 1316 germane
544 1247 647 1302 Graeca
664 1255 722 1317 est,
747 1247 821 1318 qussi
839 1239 886 1300 tot
902 1239 1018 1314 sterne,
1041 1247 1140 1329 poculis
1154 1252 1259 1316 pruefe-

160 1326 227 1372 eros.
261 1317 313 1371 scis
337 1319 441 1370 verbnm
459 1311 608 1385 sepsissent
623 1317 677 1370 rini
694 1316 853 1388 temperandi
867 1315 911 1368 rel
929 1314 1051 1368 miscendi
1067 1315 1260 1385 significantiam

127 1428 130 1438 .
160 1386 299 1454 adeptum,
320 1386 392 1440 enim
418 1384 475 1440 vice
500 1387 588 1452 aspari
609 1387 710 1456 profert
733 1385 844 1456 sulgon
870 1385 903 1438 ab
926 1401 957 1438 eo
981 1379 1066 1454 istoru
1082 1387 1217 1455 pocittotio
1234 1391 1261 1440 ct

157 1455 301 1526 praebendi
322 1455 411 1508 aalide
430 1455 618 1524 ministerium,
642 1471 673 1508 ae
697 1449 712 1510 d
735 1447 782 1510 tat
797 1451 897 1524 istosne
909 1453 1076 1522 mutauerat
1092 1456 1147 1508 siue
1160 1456 1261 1524 pondis

159 1525 339 1594 praepositura
365 1523 457 1578 exinde
473 1523 573 1578 duabus
588 1523 615 1576 in
632 1540 707 1576 unam
723 1523 864 1578 matractis
881 1521 1035 1576 dictionibus
1052 1523 1084 1576 tit
1100 1540 1148 1593 per
1164 1524 1261 1594 apheo·

160 1591 239 1646 resim
255 1587 403 1661 πικέρνης,
420 1610 453 1646 ex
469 1592 597 1646 affinitate
614 1593 648 1646 ad
665 1589 785 1646 barinum
803 1592 946 1662 pincernam
965 1591 1042 1644 etiam
1055 1588 1261 1662 nspsdpoopevo-

163 1668 252 1727 catus,
269 1661 313 1732 qui
332 1661 449 1716 cedreno
464 1661 491 1714 in
511 1660 656 1784 Theophila
674 1657 827 1730 οἰνοχοῶν,
854 1657 966 1714 Nicetes
983 1659 1002 1714 l.
1022 1662 1037 1714 1
1055 1659 1140 1714 Alexii
1155 1664 1260 1716 κυλικι-

162 1726 268 1798 prieur,
291 1731 310 1786 l.
328 1735 342 1786 1
360 1729 499 1783 Andronici
514 1724 530 1784 d
548 1723 583 1784 ix
611 1727 782 1852 urpdgpuror
797 1731 899 1798 (cinara
911 1728 994 1797 speci
1009 1727 1067 1782 sive
1081 1729 1197 1796 spurios
1214 1731 1261 1782 bo·

162 1798 205 1852 die
228 1797 342 1866 dicunt),
370 1806 397 1852 et
418 1797 533 1852 Manasri
556 1797 665 1868 denique
730 1791 777 1852 ἐπὶ
801 1793 901 1866 atavos
925 1797 1046 1870 scriptur.
1079 1797 1117 1851 its
1141 1817 1180 1852 me
1197 1798 1260 1852 deus

161 1873 247 1932 amet,
270 1874 346 1950 rates
367 1867 417 1952 ipit
439 1869 594 1953 Gretsernsr
619 1867 746 1968 lrir‘enim
763 1867 862 1921 madida
879 1867 964 1920 adbuc
980 1868 1069 1951 charta
1085 1867 1259 1952 ,ripnexerstis

162 1937 403 2076 ghgfflmfln
423 1953 455 1990 eo
479 1953 587 2008 pnmum
603 1937 656 2006 lega
682 1937 772 2006 ‘posto
786 1944 847 2010 post
862 1942 985 2008 remgor
1000 1953 1046 2008 pus
1062 1936 1168 1992 drumm
1184 1939 1261 2008 regor

247 2111 284 2171 u.
297 2130 323 2170 v.
340 2112 387 2173 12.
423 2110 608 2191 curopalate]
629 2129 747 2191 nomen,
767 2117 801 2172 nt
817 2111 946 2190 videtur,
964 2129 1063 2171 acero
1079 2110 1184 2190 potorii
1202 2113 1260 2174 tor-

161 2202 276 2256 matmn.
317 2195 490 2272 Evagrinsd
510 2203 542 2260 1:
564 2192 775 2275 crispeiensis
795 2199 850 2274 τῆς
871 2191 967 2276 udi-sir
983 2193 1261 2276 ἐμπεπιστευμένῳ,

161 2275 201 2342 du
215 2278 445 2360 sovpouutdropu
454 2278 478 2360 ἦ
487 2277 636 2358 Ῥωμαίων
650 2279 727 2361 λέγει
741 2275 841 2361 φωνή.
863 2299 948 2358 quern
957 2280 1104 2360 descripsit
1118 2281 1262 2362 corippus

161 2365 236 2424 laud.
250 2364 319 2423 lust
346 2369 362 2428 1
389 2366 450 2430 185
471 2371 501 2424 et
522 2365 570 2424 lib·
595 2369 701 2432 2282.
742 2365 838 2428 Latini
862 2385 965 2428 nomen
986 2366 1165 2444 curopalates
1186 2369 1262 2427 varic

162 2452 334 2529 depravant:
354 2449 420 2510 hino
428 2451 505 2529 apud
516 2448 724 2530 Luitprandurn
737 2452 767 2510 in
776 2451 918 2529 legatione
934 2457 979 2510 est
991 2449 1089 2510 Leonas
1103 2451 1261 2532 coropalati,

161 2541 192 2594 et
212 2536 289 2613 apud
312 2531 437 2594 Leonem
458 2534 617 2594 Ostiensem
642 2537 779 2616 cooptari.
807 2527 1066 2614 κουροπαλᾶτισσα
1091 2556 1161 2596 uror
1181 2557 1263 2598 arro-

161 2619 291 2699 palatae,
311 2625 341 2678 et
365 2623 633 2700 souporruturiurov
649 2642 751 2683 munus
774 2641 825 2680 seu
845 2622 970 2698 dignitas
988 2621 1181 2700 curopalates}
1204 2643 1262 2700 qna

161 2706 385 2784 insigniebantur
397 2706 481 2765 etiarn
499 2705 646 2785 absentes,
661 2713 691 2766 et
707 2691 807 2783 duibus
821 2705 920 2785 Cpolis
943 2726 995 2766 nec
1008 2707 1068 2765 visa
1085 2726 1138 2766 nec
1151 2709 1263 2768 fortean

161 2792 292 2849 videnda
319 2791 586 2868 exemplationis
607 2793 637 2852 in
657 2793 750 2854 libello
770 2792 951 2854 Constantini
971 2789 1206 2873 Porphyrogeniti
1225 2794 1263 2855 dc

162 2875 385 2935 administrando
398 2876 527 2953 Imperio.
853 2879 856 2886 ’

248 2957 294 3018 De
308 2959 481 3038 Curopalata
493 2962 599 3039 passim
613 2961 740 3020 Codinus
759 2959 789 3020 in
811 2979 864 3020 suo
883 2959 992 3035 libello;
1016 2977 1101 3037 quem
1121 2959 1186 3020 olim
1200 2963 1264 3022 offi-

163 3045 237 3104 cium
248 3043 379 3103 habuisse
393 3045 450 3123 ait,
470 3047 522 3104 sed
534 3047 678 3124 ignotum,
695 3067 764 3106 nuuc
783 3063 855 3122 oco,
873 3045 927 3106 hoc
946 3052 991 3105 est
1006 3051 1133 3124 tempore
1150 3041 1264 3127 codini,

162 3129 272 3189 nuttuou
314 3126 486 3212 Alamannus
496 3130 533 3189 ad
544 3151 571 3209 p.
584 3133 626 3194 28
637 3131 766 3211 Procopii
780 3130 920 3209 duplicem
936 3131 1139 3208 Curopalatom
1151 3135 1263 3212 statuit,

161 3213 280 3273 altenrm
291 3213 340 3290 qui
356 3215 409 3272 sub
419 3233 452 3273 se
460 3214 584 3275 habebat
592 3218 784 3297 praetorianos
798 3216 916 3292 milites,
937 3233 1056 3292 quorum
1069 3217 1163 3295 plures
1187 3219 1263 3278 ordi-

162 3319 232 3375 nes,
253 3299 402 3370 domestici,
426 3307 595 3378 protedorer,
616 3301 776 3377 silentiarii,
793 3302 830 3359 de
853 3301 956 3378 quibus
970 3300 1125 3379 Procopius
1141 3323 1169 3381 p.
1193 3304 1262 3366 108.

163 3404 199 3444 er
212 3384 255 3442 his
264 3385 313 3444 alii
324 3385 353 3444 in
372 3385 443 3443 atrio
461 3391 491 3444 et
508 3386 645 3445 vestibulo
659 3389 753 3465 regiae
772 3387 972 3463 versabantur,
992 3386 1038 3445 alii
1058 3407 1110 3464 pro
1131 3388 1263 3446 cubiculis

162 3469 330 3528 desidebant
344 3475 374 3528 et
393 3471 523 3530 excubias
544 3472 668 3550 agebant
689 3475 737 3532 diu
755 3478 912 3547 noctuque:
940 3471 970 3530 hi
998 3470 1262 3550 σωματοφύλακες,

161 3551 266 3614 Latine
279 3553 452 3615 excubitores
465 3555 655 3635 vocabantur,
675 3558 715 3616 illi
730 3551 862 3635 φύλακες
876 3558 930 3618 τοῦ
944 3557 1104 3626 notatos,
1129 3558 1263 3618 custodes

162 3639 278 3720 palatii,
305 3641 439 3719 praetorii
456 3641 557 3700 milites
581 3661 631 3701 seu
655 3643 841 3724 praetoriani,
871 3641 952 3700 aulae
974 3641 1019 3700 vel
1047 3641 1128 3701 aulici
1152 3643 1262 3702 milites.

162 3725 335 3804 praefectum
348 3725 393 3782 his
407 3725 550 3786 ordinibus
565 3732 680 3788 comitem
694 3731 920 3806 meridianorum
940 3746 991 3786 seu
1012 3729 1190 3790 excubitorum
1211 3749 1263 3807 ap,

162 3808 252 3888 pellat
264 3809 433 3888 Iornandes,
454 3809 608 3892 Procopius
618 3817 764 3892 paracipern
784 3811 920 3872 mstodum
931 3812 1048 3890 palatii,
1068 3813 1210 3892 corippus
1226 3815 1265 3872 de

161 3893 237 3952 laud.
255 3895 324 3953 Iust.
338 3894 443 3957 rnre
464 3899 527 3964 285
548 3917 639 3959 curum
659 3899 768 3975 palatii.
788 3896 860 3956 alter
879 3895 1045 3976 curopalate
1066 3904 1129 3957 erat
1142 3917 1264 3978 praepo-

161 3979 234 4040 situs
247 3981 370 4040 fabricae
379 3979 494 4061 palatii,
514 3983 550 4040 de
565 4001 622 4058 quo
635 3983 821 4041 Cassiodorus
835 3979 905 4040 libro
920 3985 941 4044 7
954 3981 1021 4040 Var.
1035 3984 1118 4060 epist
1134 3985 1169 4061 b,
1183 3984 1263 4044 cuius

161 4083 295 4144 maguam
313 4065 482 4142 dignitatem
501 4067 587 4126 fuisse
605 4069 694 4126 credit
714 4067 853 4128 Meursius
874 4065 904 4126 in
927 4066 1090 4145 Glossario,
1112 4070 1265 4149 prodente

161 4167 248 4224 regem
260 4151 447 4210 Theodericum
458 4171 567 4211 uncum
584 4156 691 4228 origum
705 4163 814 4230 gestans
824 4155 927 4232 primus
947 4149 1083 4211 ἰηωᾶετοί.
1103 4161 1135 4214 ot
1156 4154 1264 4215 Cordo-

163 4233 258 4293 dorosr
279 4237 403 4314 primus,
431 4239 537 4314 inquit,
562 4237 636 4296 inter
656 4237 792 4315 obsequia
814 4255 977 4314 numerosa,
1000 4237 1048 4296 loc
1066 4246 1105 4298 est
1121 4259 1174 4300 noa
1193 4244 1264 4300 iuter
