2782 4686
563 281 800 352 DEDIGATIO.
1185 301 1236 350 vn

140 499 216 540 esses
230 477 420 554 exhibiturum
442 479 494 540 sed
510 498 594 558 quam
607 481 695 562 probe
713 479 758 541 Te
771 477 864 558 norit,
889 482 947 539 tum
961 478 1116 538 verecunde
1135 476 1165 538 in
1181 478 1236 540 hoc

138 583 202 661 ipso
215 600 357 663 purpurae
376 583 451 642 dono
470 601 572 643 novum
595 603 628 643 ac
647 583 807 662 ampliorem
828 582 933 640 latetur
951 579 1090 660 accepisse
1102 580 1236 660 splendo-

138 701 206 742 rem.
248 682 326 742 illum
338 682 416 744 velut
431 683 594 744 admirantis
608 685 708 745 turbae
721 703 793 744 nnus
810 680 902 762 (cuins
916 681 990 744 enim
1003 681 1125 741 animum
1139 687 1236 742 tantm

138 783 234 860 fulgor
251 802 310 844 non
330 784 452 844 alliceret
463 790 514 844 out
533 784 729 867 exhilararet),
757 783 884 864 deposito
909 800 967 842 non
993 783 1094 844 amisso
1119 785 1238 864 pudore,

137 885 254 944 vicinior
265 884 367 944 intueri
379 905 442 945 sum
460 904 560 965 ansus,
584 906 642 966 qno
664 907 727 948 meo
745 886 834 946 labori
855 890 886 945 et
906 885 984 964 operi
1001 885 1069 945 lucis
1090 886 1238 966 plurimum

137 957 297 1064 affingens
325 987 465 1049 levidense
488 988 788 1065 onerosissimum,
809 987 860 1046 sed
872 985 976 1046 affectu
988 989 1111 1066 grande3
1131 988 1237 1064 meritis

137 1089 241 1168 impar,
259 1107 354 1150 venam
371 1089 402 1148 in
424 1107 481 1171 quo
495 1091 601 1150 cunctis
621 1107 671 1152 ceu
690 1088 831 1168 congestis
853 1087 883 1148 in
901 1103 1030 1152 acervum
1044 1089 1238 1170 dignitatibus,

139 1188 284 1266 quantum
293 1189 341 1252 iila
354 1185 408 1250 sibi
422 1190 483 1250 iure
496 1193 690 1272 deposcerent,
709 1192 784 1253 bono
798 1191 827 1250 in
844 1188 947 1252 lumine
959 1209 1044 1270 pono.
1085 1190 1140 1252 hoc
1149 1193 1236 1272 igitur

137 1289 334 1354 observantiae
345 1295 374 1354 in
387 1289 433 1352 Te
452 1311 530 1354 meae
549 1295 750 1355 monimentum
761 1293 844 1352 velim
858 1293 992 1372 excipias,
1017 1297 1048 1354 et
1064 1294 1150 1354 oeulis
1171 1297 1234 1374 qui-

138 1392 193 1452 bus
211 1413 305 1454 meum
319 1394 437 1473 rapuisti
455 1396 563 1474 pridem
580 1395 717 1473 animarum
746 1395 866 1473 benignu
886 1396 998 1475 inspice.
1040 1394 1102 1456 vale
1120 1409 1150 1458 ct
1169 1399 1232 1460 vive

137 1494 327 1578 ecelesiaead
352 1491 517 1574 utilitatem,
550 1495 657 1582 Galliae
680 1499 718 1556 a'd
743 1515 825 1558 omne
843 1516 933 1576 genus
951 1495 1103 1578 felicitatis,
1132 1499 1232 1560 Ordini

135 1601 236 1656 nostro
248 1597 286 1657 ad
298 1603 500 1675 ornamentum,
521 1595 588 1657 Tibi
600 1597 638 1658 ad
652 1597 763 1659 beatam
775 1599 899 1679 gloriam.
941 1600 982 1661 itu
994 1605 1078 1661 vovet
1094 1601 1232 1664 summissi

133 1713 221 1758 aaran

177 1879 354 1942 Eminentiae
376 1880 458 1944 Tuae
546 1912 547 1915 ¹

199 2475 225 2536 E
238 2482 378 2538 conventu
391 2481 442 2535 tuo
455 2474 604 2564 l‘arisiensi

137 2597 167 2656 S.
184 2596 290 2658 Mariae
299 2587 496 2658 'ormunciatee
591 2649 600 2654 .

563 2846 566 2851 .
753 2795 940 2856 redimemus
958 2763 1055 2856 heroos

573 2914 605 2975 F.
636 2910 849 2978 mconns
878 2913 1009 2978 GOAR
1036 2913 1235 2980 ordPraedic.
