2798 4690
399 321 401 328 >
483 303 530 375 ιιι
551 251 802 376 cosmum.
825 303 903 376 xu
1167 307 1241 382 eea

145 461 456 544 quinae-hebdomanis
469 465 715 545 quadragesimalis
736 481 827 546 usque
845 468 884 528 ad
906 467 1056 532 secundam
1075 467 1172 530 seriam
1191 489 1241 550 pa-

144 551 265 628 scheda,
286 569 344 628 quo
362 551 409 610 die
428 549 602 610 referebatur
616 546 694 632 πρὸς
711 545 766 615 τᾶν
784 553 839 633 τῆς
859 547 1008 618 scorteos
1021 549 1097 618 νοιόν
1113 551 1167 618 οόν
1179 560 1244 618 τοῖν

144 634 263 718 ὁδηγῶν
289 632 489 716 κεκλημένον,
517 640 551 696 ut
572 635 697 712 loquitur
720 635 848 698 Zonaras
869 637 900 698 iu
925 638 1041 717 imperio
1063 639 1206 702 Michaelis
1227 639 1243 701 1

145 719 313 802 Theophili,
339 720 386 780 cui
407 721 540 780 adiuncta
563 727 625 782 erat
652 717 732 803 μονή
750 741 802 782 sen
821 724 1020 784 monasterium
1032 727 1093 786 τοὸν
1110 721 1241 806 όδηγοῖν,

145 813 178 866 ut
195 825 231 866 es
253 802 414 884 Nicephorii
438 805 567 883 Gregore
584 806 604 865 l.
625 811 647 872 2
660 812 787 867 conset:
808 807 873 868 hinc
884 809 949 890 ipse
961 810 1055 886 imago
1068 799 1242 888 ὀδηνήορια,

146 891 227 968 quasi
239 889 296 950 duc
309 893 387 964 viee,
400 890 611 970 appellabatur.
652 911 706 952 nea
727 892 919 952 adducebatur
939 913 973 954 ex
992 892 1097 973 temple
1109 893 1242 957 Blacher-

144 977 211 1054 ni0‚
227 980 261 1034 ut
274 979 358 1055 putat
371 973 549 1052 scholiastes,
569 975 621 1035 sed
642 995 676 1038 ex
692 977 797 1056 templo
814 983 845 1038 et
859 997 894 1038 ex
907 978 1077 1040 monasterio
1090 981 1153 1042 suiv
1167 977 1242 1060 seq-

145 1066 226 1142 γῶν,
247 1060 326 1135 quod
342 1060 478 1139 stemplo
491 1059 656 1122 Blachernio
670 1062 832 1123 distinctum
846 1069 917 1123 eret.

229 1145 288 1204 Sed
301 1143 404 1224 prohat
415 1144 445 1202 id
461 1164 496 1204 ex
512 1145 647 1222 gradibus
665 1147 796 1224 excelsis,
812 1149 849 1206 de
864 1147 965 1224 quibus
978 1145 1152 1226 Curopalata
1164 1165 1187 1208 c
1200 1148 1243 1218 ta

145 1236 177 1288 et
190 1249 213 1288 e
230 1229 269 1294 15
280 1269 292 1308 ,
311 1234 391 1308 queen·
401 1231 448 1290 uti
455 1228 560 1310 suerint
572 1233 603 1290 air
616 1232 709 1310 temple
720 1231 889 1293 Bluciumiu.
928 1236 961 1291 at
973 1249 1071 1310 parum
1084 1232 1159 1291 valet
1171 1229 1243 1292 haee

146 1315 292 1394 probatio:
312 1332 377 1376 nam
386 1313 558 1392 'quocunque
570 1315 625 1374 iret
638 1315 806 1395 imperator,
825 1335 936 1396 semper
948 1319 986 1376 ad
999 1316 1121 1376 excelsm
1134 1316 1241 1396 gradm

144 1417 235 1474 usque
257 1398 447 1460 deducebatur
467 1419 486 1460 a
504 1401 659 1477 senagis,
681 1407 715 1459 ut
733 1401 825 1478 inquit
847 1401 1019 1479 europalate
1039 1421 1063 1460 c
1088 1401 1134 1466 15.
1155 1420 1240 1480 opor·
1257 1409 1280 1464 P
1295 1409 1348 1465 242

145 1491 188 1546 tet
209 1503 277 1562 ergo
292 1483 345 1544 hos
369 1483 494 1548 exesos
506 1487 617 1563 gradus
639 1485 704 1546 alibi
716 1485 803 1548 fuisse
816 1504 900 1562 quam
913 1487 943 1546 in
956 1485 1123 1548 Blacherniu
1135 1485 1242 1565 templo

144 1569 188 1628 vel
208 1570 239 1630 in
259 1569 305 1630 via
324 1568 362 1630 ad
381 1569 473 1629 solum
485 1570 680 1640 Blachernium
693 1571 845 1652 tempium,
865 1572 931 1650 quia
943 1571 1168 1650 imperatoreos
1182 1570 1243 1630 ibat

145 1673 255 1733 semper
277 1654 315 1712 ad
335 1653 472 1736 templum
490 1655 701 1733 talamaniam,
729 1661 760 1714 et
777 1656 951 1734 Curopalata
973 1657 1077 1715 diserte
1092 1655 1242 1733 distinguit

144 1739 198 1799 tos
212 1739 317 1816 gredm
331 1757 350 1800 a
367 1739 474 1821 templo
488 1739 673 1816 eudemo,
695 1758 758 1798 curu
772 1741 846 1798 dicet
858 1740 1054 1820 imperatorem
1067 1741 1240 1816 equitantem

145 1842 256 1901 semper
276 1822 378 1882 deduci
397 1843 489 1900 usque
507 1825 546 1884 ad
564 1823 686 1883 excelsos
707 1825 830 1902 gradus,
855 1825 886 1884 in
908 1823 982 1884 feste
1003 1830 1097 1884 auten
1110 1843 1241 1884 necamus

146 1908 229 1988 (seu,
249 1912 282 1964 ut
295 1926 348 1965 nos
360 1927 509 1986 vocamus,
530 1908 728 1989 purificationis
743 1909 771 1966 d.
780 1907 910 1990 virginis)
923 1909 1007 1968 etiam
1020 1927 1109 1984 usque
1121 1910 1242 1968 ad'tem-

147 1992 225 2074 phun
237 1991 467 2053 Blacheruarum:
488 1994 665 2054 nemadhoc
680 1993 815 2074 templum
827 1995 882 2056 hoc
894 1994 941 2054 die
959 1995 1000 2054 rei
1018 1994 1128 2053 divireee
1148 1993 1241 2072 gratia

146 2076 307 2138 conferebat
319 2096 351 2136 se
362 2078 522 2159 imperator.

213 2173 310 2243 Magrus
333 2173 496 2228 contentione
518 2173 638 2229 dimicent
661 2174 747 2228 Iunius
771 2177 799 2229 et
820 2174 962 2229 Gretserus
984 2169 1049 2240 arat
1072 2172 1129 2228 sris
1149 2169 1240 2254 Ὑψη-

146 2243 217 2310 tes,
241 2243 274 2296 de
296 2245 427 2326 μᾶλλον
450 2244 552 2327 mediis
577 2245 637 2312 GP,
657 2244 761 2328 ubinam
779 2241 938 2313 reponendi
968 2242 1012 2296 ille
1035 2241 1062 2295 iu
1086 2241 1240 2326 iiiecherum

146 2311 370 2449 istaut
382 2311 499 2435 aa
506 2312 1240 2451 insitiittststssuituffi

147 2457 263 2520 uterque.
280 2450 368 2518 ecquis
384 2449 449 2504 euim
466 2449 638 2504 inhaereas
659 2450 755 2520 gradus
775 2449 952 2518 intelligendos
968 2454 1057 2519 putet,
1076 2465 1107 2502 ac
1123 2464 1174 2500 nou
1191 2463 1242 2518 pe·

146 2519 199 2572 tius
220 2517 347 2573 excelsum
371 2535 403 2571 ec
423 2517 530 2602 fastigia
552 2519 658 2573 sublime
677 2518 839 2578 aedificium?
865 2524 892 2571 et
915 2535 948 2572 ne
968 2518 1044 2591 velut.
1062 2517 1190 2571 caesitaus
1212 2517 1241 2568 et

146 2587 251 2657 ignarus
266 2586 344 2640 index
360 2585 428 2641 litem
445 2586 577 2652 dimam,
603 2594 648 2641 sut
664 2586 751 2658 petius
767 2587 948 2640 andabatarum
964 2603 1034 2640 more
1057 2603 1113 2640 cum
1129 2591 1242 2653 utreque

165 2674 182 2708 ιι
218 2671 273 2721 cm,
290 2654 367 2710 dubie
387 2663 474 2710 certus
497 2661 589 2710 auctus
609 2657 691 2710 lucem
713 2655 806 2710 efferet
827 2655 935 2708 Nicetes
956 2654 1047 2708 isescii
1062 2654 1155 2724 segeti
1170 2654 1190 2708 l.
1206 2653 1243 2706 22

145 2675 177 2780 is
188 2740 267 2778 ιινιιοι
281 2719 314 2777 sd
330 2723 503 2790 recediturque
518 2724 603 2795 (atiud
614 2723 743 2795 exemplar
758 2723 822 2811 legit
835 2718 889 2792 τὴν
905 2723 1026 2791 θυρίδα)
1043 2715 1075 2776 ἒν
1090 2719 1242 2804 τοῖςςβοιοι-

145 2793 229 2855 λείοις
249 2793 305 2848 τῶν
322 2794 499 2915 Βλαχεὲνῶν,
521 2790 562 2858 sic
582 2789 618 2848 cci
640 2789 772 2862 λεγόμενοι
795 2787 911 2862 Ῥψηλοί,
934 2786 971 2845 dc’
989 2781 1024 2862 ἧς
1039 2785 1129 2859 ὁρατὰ
1144 2807 1181 2858 ην
1197 2782 1240 2842 sci

146 2858 290 2935 λιιιιήλοιιοι
300 2861 409 2916 πεδίοιο
441 2859 548 2927 ἔξωθεν
558 2863 614 2916 suis
631 2854 770 2928 destitisse
781 2853 812 2915 ἐν
822 2865 882 2924 τοῖς
895 2859 1071 2922 Φιλοποιτίοιο
1080 2846 1241 2913 semsed-

146 2931 240 2996 ξονον.
258 2931 368 2984 observa
386 2925 421 2984 ssi
434 2927 551 3000 ’Ῥψηλιὶ
570 2933 648 2986 altum
665 2929 808 2985 Blachernii
823 2929 913 3001 palatii
928 2929 1082 2995 aediticium,
1097 2927 1166 2984 unde
1178 2925 1243 2978 sub·

146 2999 214 3054 iacta
230 2999 427 3070 Phiiepstiensis
451 3000 569 3071 planities
590 3001 741 3070 detegatur,
765 3015 816 3052 ιιοιι
835 2997 930 3068 gradus
947 2995 1110 3068 quantumvis
1125 2995 1241 3049 excelsos

146 3067 275 3132 indicare,
292 3085 340 3122 nec
353 3069 379 3121 iu
398 3069 484 3122 maiori
500 3068 615 3140 palatie,
631 3086 682 3140 que
695 3068 789 3123 soleret
804 3068 944 3139 imperator
956 3067 1064 3132 mereri,
1079 3064 1144 3120 alios
1154 3063 1242 3118 excel-

146 3138 229 3191 siores
251 3137 345 3202 gradus
367 3137 602 3194 comminiscendum
626 3153 682 3192 eam
706 3137 741 3191 ab
761 3153 829 3202 rem,
853 3153 910 3190 cum
925 3136 952 3189 in
969 3133 1116 3190 exhibendis
1131 3131 1242 3186 redden-

149 3205 241 3274 disque
257 3203 361 3258 honeris
377 3205 470 3258 officiis
485 3206 586 3274 longius
601 3221 703 3277 sempm
722 3206 750 3258 iu
768 3205 873 3260 decessu
888 3205 1029 3258 deducetur
1044 3202 1086 3256 vir
1101 3202 1243 3255 honoratus

167 3289 224 3325 uam
240 3271 267 3324 in
283 3289 387 3326 secuse
402 3273 484 3326 eidem
494 3281 663 3341 assumtus,
680 3291 728 3358 per
740 3279 781 3328 est
797 3281 828 3328 ut
842 3276 864 3326 si
880 3273 929 3341 τῆς
949 3267 1117 3341 ὁδηνητοίοις
1138 3268 1242 3336 imagini

149 3291 180 3396 iv
195 3339 232 3410 τῇ
246 3335 318 3410 πύλῃ
334 3342 387 3394 τοῦ
396 3339 535 3396 asterius
548 3337 635 3409 αὐλῆς
649 3357 754 3414 ptumum
765 3341 1037 3412 occurritimperatcr,
1052 3339 1095 3392 lon
1114 3337 1153 3392 ‘us
1162 3337 1241 3390 merito

148 3409 260 3464 deducet
275 3409 410 3463 abeuntem
447 3427 498 3462 ιιοιι
515 3410 548 3464 ad
564 3411 640 3464 fictos
655 3426 736 3479 usque
752 3411 847 3478 ἕωλοι
871 3409 1001 3475 eresbur,
1023 3406 1100 3461 sede
1145 3401 1182 3460 sui
1198 3407 1243 3458 ts-

147 3475 251 3549 γόμενοι
270 3472 380 3562 ’ψηλιὶ
410 3447 441 3532 is
465 3482 525 3540 τοῖς
553 3476 700 3550 βασιλείοις
723 3477 779 3532 τοῖν
802 3477 977 3560 Bicezeuueis²
1000 3481 1028 3530 et
1052 3475 1120 3544 qnod
1143 3473 1179 3530 sit
1201 3473 1243 3528 hic

147 3555 257 3613 auctas,
273 3563 352 3616 μεχρι
361 3543 409 3601 ναί
424 3547 480 3601 τῶν
491 3542 636 3617 weplede,
653 3545 730 3616 iunge
746 3546 805 3599 viae
819 3552 919 3609 tractu,
936 3561 1008 3598 curus
1018 3542 1187 3600 secessionem
1202 3559 1241 3594 m-

147 3617 219 3671 dicst
234 3614 361 3688 particule
376 3614 426 3669 καί
433 3654 442 3684 ,
458 3615 490 3670 ed
507 3616 590 3670 locum
607 3633 698 3686 nempe
711 3609 823 3684 ‘ments
838 3621 973 3676 secatum,
989 3629 1064 3684 quesn
1079 3619 1171 3667 auctor
1186 3605 1250 3696 ipse*

148 3686 175 3739 in
187 3683 337 3739 Blacheruio
366 3684 442 3738 elatio
453 3683 538 3740 velud
549 3685 612 3739 iilud
623 3685 696 3738 iuste
706 3683 806 3769 reponit
817 3701 839 3736 c.
855 3682 896 3752 15,
913 3700 939 3754 p.
952 3686 986 3740 80
996 3699 1022 3738 v.
1036 3684 1077 3751 19,
1087 3682 1131 3737 ubi
1143 3681 1181 3737 ait
1194 3696 1244 3734 snr-

146 3760 295 3878 perstarem
305 3753 338 3806 ad
346 3702 543 3808 ilachemarum
553 3755 686 3825 templum,
699 3769 740 3806 cur
751 3750 860 3806 vicinum
875 3759 933 3806 eret
953 3751 1064 3808 eiusdem
1077 3750 1184 3806 nominis
1195 3765 1244 3821 pa-

158 3823 252 3888 udum,
268 3839 285 3877 a
299 3822 423 3892 Bereugis
435 3822 527 3876 deduci
536 3819 615 3894 μέχρι
625 3823 681 3877 τῶν
693 3818 838 3892 ’Τψηλῶν,
855 3829 926 3874 certe
940 3838 990 3874 nen
1006 3821 1040 3876 ed
1055 3821 1171 3875 excelsum
1181 3833 1244 3887 gru·

148 3893 197 3948 dus
220 3893 275 3960 eius
300 3909 316 3944 e
339 3909 391 3962 que
416 3893 502 3946 tuerat
524 3908 644 3962 egressum
668 3891 769 3962 palatii,
790 3889 835 3946 sed
855 3889 890 3944 ad
905 3890 1057 3946 dmtirutum
1071 3887 1194 3954 atterius,
1209 3885 1246 3940 ad

149 3961 219 4032 qued
235 3959 370 4026 tendebat,
388 3961 479 4016 lucum.

233 4031 317 4094 Adde
337 4036 415 4109 quod
436 4035 498 4114 ipse
519 4033 671 4113 imperator
691 4033 839 4111 imaginem
854 4028 1182 4109 Hodegetriaesecunde
1194 4042 1246 4106 pa·

148 4117 254 4178 scheda
276 4119 347 4178 feria
368 4120 406 4180 ad
428 4119 542 4198 proprie
561 4125 745 4178 revertentem
766 4117 900 4198 prosequi
915 4115 1025 4176 solebat
1041 4131 1131 4190 usqua
1144 4113 1182 4172 ed
1197 4128 1245 4170 ex·

151 4203 241 4262 celsos
256 4205 379 4285 gradus,
397 4205 454 4265 imo
471 4211 501 4265 et
515 4207 611 4280 extra,
631 4209 664 4262 ut
680 4205 748 4264 dicit
760 4201 934 4281 curopalate
954 4219 979 4260 ο.
999 4200 1041 4262 12
1053 4218 1082 4278 p.
1100 4197 1142 4258 72
1157 4215 1184 4256 v.
1196 4198 1246 4260 10.

153 4307 206 4348 uec
219 4293 313 4351 minen
326 4291 365 4352 ad
378 4290 512 4374 ternplum
526 4287 720 4352 Blachernium
735 4294 803 4350 tunc
815 4289 875 4349 ibat
887 4287 1047 4365 imperator.
1067 4282 1118 4342 sed
1131 4299 1190 4344 non
1204 4283 1249 4341 est
