2744 4690
412 245 417 253 Ι
483 297 532 370 IN
555 301 702 370 CODlNl
731 301 815 370 CAP.
841 304 924 371 XX.
1162 307 1234 376 373

133 468 267 546 dominiis]
284 469 348 530 loco.
390 470 432 528 itu
449 469 480 530 ιἰί
499 475 563 530 tunc
584 467 701 550 occepit,
721 474 747 528 et
764 469 973 556 patriarchicum
993 467 1034 532 tta·
1052 471 1137 531 sedem
1151 471 1231 532 eollo·
1249 473 1271 528 P
1288 473 1341 530 260

134 563 208 618 cavit
216 600 225 632 ,
243 562 276 614 ut
290 561 334 615 est
348 554 378 613 ia
390 554 509 615 historia
522 555 676 634 politicas
693 559 709 619 1
728 554 914 634 Turcograec
927 577 954 636 p.
971 557 1019 619 15.
1053 575 1149 618 verum
1163 557 1233 617 hacc

133 641 327 701 benevolentia
346 639 520 704 sultanorum
540 642 570 700 in
591 641 763 720 patriarchas
781 661 840 700 non
867 643 916 700 diu
934 641 1052 702 duravit.
1095 662 1161 702 nam
1179 644 1233 702 sub

131 727 188 787 isto
206 729 269 808 ipso
285 725 447 786 Mahomete
462 727 638 806 patriarchae
659 745 761 786 novem
777 727 960 805 exstiterunt,
985 733 1015 785 et
1029 734 1140 805 praeter
1154 729 1233 788 Gen-

131 814 265 890 nadium,
293 813 341 888 qui
361 818 464 889 sponte
485 815 586 890 cessit,
609 814 655 872 vix
673 812 746 872 ullus
768 813 823 872 fuit
850 828 933 889 quem
957 811 1168 872 calumniatores
1194 817 1231 876 de
1254 861 1259 866 .

131 899 202 958 solio
223 917 282 958 non
304 897 453 956 deiecerint
477 898 521 957 vel
542 898 726 957 deiicieudum
748 917 799 977 per
817 897 921 958 Bassos
941 897 1076 957 Turcicos
1097 900 1231 978 curarint,

131 985 293 1043 introducto
311 983 395 1042 etiam
410 984 528 1042 duorum
541 983 646 1042 milium
659 979 828 1042 florenorum
845 985 964 1058 besuano,
979 985 1056 1059 quod
1072 985 1232 1062 patriarcha

131 1089 229 1130 recens
249 1067 353 1128 electus
369 1067 528 1147 pendebat,
549 1074 578 1128 et
606 1088 700 1128 annuo
716 1069 823 1129 tributo
838 1070 957 1130 totidem
970 1068 1092 1148 milium,
1108 1070 1154 1129 cui
1166 1071 1231 1132 chu-

130 1159 219 1216 sactu
233 1173 335 1214 nomen
349 1159 421 1215 erat
483 1225 486 1228 ¹
763 1179 765 1188 ·
1009 1153 1010 1160 '

216 1270 320 1329 Postea
328 1271 412 1330 etiam
421 1287 511 1346 usque
519 1271 557 1330 ad
567 1269 637 1332 haec
646 1276 744 1331 nostra
751 1277 882 1352 tempora
889 1271 935 1332 vix
945 1291 1069 1349 unquam
1078 1290 1134 1352 pax
1141 1274 1231 1333 schis-

131 1357 237 1416 maticis
246 1375 310 1415 cum
322 1356 496 1416 schismatico
507 1357 664 1434 patriarcha
676 1359 739 1417 fuit.
757 1377 867 1436 semper
876 1359 1231 1436 suppullularuntaemula-

128 1442 220 1500 tiones
235 1442 356 1500 invidiae
369 1448 399 1502 et
412 1441 538 1501 occultae
549 1443 692 1502 machinae
704 1445 742 1504 ad
751 1444 833 1503 huius
843 1444 887 1503 vel
895 1443 968 1502 illius
976 1446 1104 1518 exitium3
1120 1451 1152 1503 ut
1162 1445 1231 1503 mihi

128 1527 257 1586 videatur
271 1546 330 1586 non
346 1529 408 1586 siue
424 1527 539 1587 consilio
559 1529 653 1587 divino
671 1530 748 1588 edita
767 1549 830 1588 esse
844 1530 874 1590 iu
889 1529 1096 1606 Turcograecia
1112 1529 1231 1590 historia

129 1613 243 1690 politica
257 1618 287 1670 et
301 1612 487 1682 ecclesiastica
502 1631 553 1678 seu
566 1614 750 1690 patriarchica
763 1634 857 1674 rerum
871 1615 1100 1693 Cpolitanarum,
1121 1633 1156 1674 ex
1171 1633 1229 1690 qua

129 1699 276 1775 perspicue
297 1697 389 1756 elucet
405 1698 596 1759 schismaticos
619 1716 678 1757 non
692 1699 776 1757 modo
798 1718 860 1757 cum
874 1718 1004 1777 supremo
1017 1700 1168 1759 catholicae
1183 1720 1229 1759 ec-

129 1782 230 1842 clesiae
251 1782 343 1859 capite
356 1801 407 1861 per
420 1785 565 1841 caritatem
579 1784 742 1842 coniunctos
756 1803 814 1842 non
824 1803 902 1861 esse,
924 1785 1001 1859 quod
1020 1804 1115 1863 perse
1130 1785 1230 1862 liquet,

129 1869 182 1924 sed
195 1885 247 1925 nec
259 1868 333 1924 inter
347 1887 394 1944 se,
415 1888 477 1928 cum
495 1867 548 1926 sub
562 1869 726 1945 gravissima
740 1868 892 1928 infidelium
904 1870 1039 1928 servitute
1051 1875 1149 1931 mutuo
1164 1889 1229 1928 sese

129 1953 205 2010 miris
221 1951 352 2011 cuniculis
367 1953 516 2031 infestent,
542 1960 572 2011 et
591 1955 677 2012 modo
690 1953 765 2013 hunc
779 1956 865 2013 modo
877 1955 955 2014 illum
971 1955 1000 2012 iu
1014 1955 1229 2031 patriarchalem

128 2037 262 2096 thronum
276 2036 432 2098 Turcarum
448 2057 502 2120 ope
515 2038 670 2099 sublevent
697 2039 773 2098 valet
786 2041 915 2100 nimirum
927 2040 973 2098 hic
984 2038 1068 2098 illud:
1085 2041 1133 2115 qni
1149 2045 1228 2119 pote,

127 2122 192 2200 plus
207 2129 299 2200 urget.
1026 2133 1027 2138 ’

211 2223 355 2284 Phranzes
366 2221 499 2281 Chronici
518 2224 539 2288 3
553 2225 592 2288 19
610 2223 697 2282 ferme
715 2225 871 2283 accuratius
884 2243 990 2284 morem
1003 2223 1163 2286 declarandi
1176 2243 1228 2304 [ια

129 2309 278 2368 triarcham
295 2310 330 2369 ab
341 2310 511 2388 imperatore
527 2309 660 2368 describit
674 2329 759 2386 quam
775 2311 911 2369 Codinus.

197 2441 224 2494 p.
238 2426 288 2479 102
303 2442 330 2479 v.
342 2425 368 2480 7.
386 2416 401 2476 ὃ
420 2416 546 2493 βασιλεὺς
559 2418 617 2486 ἀπὸ
634 2419 755 2494 τούτων]
779 2425 813 2480 ad
829 2425 904 2478 trium
922 2425 1061 2478 electorum
1076 2423 1180 2478 tertium
1199 2423 1228 2476 in

127 2493 297 2562 patriarcham
309 2492 486 2546 nominandum
497 2508 548 2544 uon
562 2492 598 2546 ita
615 2500 733 2548 connata
748 2495 911 2566 imperatoris
927 2493 1050 2558 libertas,
1067 2493 1129 2562 quin
1148 2491 1228 2546 ornis-

127 2559 162 2614 sis
180 2561 355 2632 episcoporum
372 2558 503 2629 suffragiis
513 2577 570 2614 eum
587 2579 662 2630 quem
678 2563 770 2628 vellet,
787 2564 968 2617 consuetudine
984 2562 1163 2634 permittente,
1180 2562 1228 2613 de-

45 2681 49 2690 ,
127 2631 230 2697 signare
249 2632 369 2702 potuerit.
400 2631 532 2683 Blastares
550 2631 601 2684 τοῦ
619 2635 648 2684 Κ
662 2633 798 2700 στοιχείου
824 2651 848 2688 c.
869 2634 918 2687 32:
943 2633 999 2686 τῶν
1020 2627 1073 2700 γὰρ
1097 2627 1227 2685 πανίνοιν

126 2701 183 2752 τῶν
199 2693 249 2761 τοὶς
265 2693 421 2754 ἐπισκόπων
437 2695 555 2768 ψήφους
569 2703 630 2764 τοῖς
651 2693 812 2762 ίπιστόποις
832 2705 892 2762 τοῖς
918 2693 1051 2769 ίπαρχίας
1072 2698 1225 2753 ἀνατιθέν-

126 2787 200 2836 των,
216 2765 332 2838 ἄρχοντι
349 2763 381 2823 δὲ
399 2767 498 2837 μηδενί
518 2765 625 2822 τούτων
642 2763 744 2836 ἒξυῖνοιι
759 2774 904 2824 κοινωνεῖν
919 2769 1104 2837 κελευόντων,
1129 2763 1225 2890 cipiu-

126 2841 209 2900 σιλεῖς
224 2839 272 2892 καὶ
298 2839 348 2906 τῆς
370 2833 471 2906 ψήφου
494 2839 550 2890 τῶν
572 2831 729 2892 ἐπισκόπων
749 2837 833 2909 χωρίς
848 2837 897 2893 καὶ
912 2835 1084 2908 πατριάρχας
1100 2835 1149 2891 καί
1179 2855 1224 2888 πι-

125 2903 478 2992 οιιοὶπουςηπροβηοίλλονται.
498 2901 547 2959 διὰ
564 2909 633 2975 χοῦν
648 2908 750 2974 τοῦτο,
768 2904 805 2970 ὥς
821 2903 907 2993 ἐόιιιεζ
924 2901 972 2990 ἐπὶ
988 2909 1028 2975 τῷ
1045 2907 1156 2977 βασιλεῖ
1158 2969 1160 2974 ,
1165 2907 1225 2991 lilo-

125 2979 196 3044 χαηλ
213 2993 264 3030 του
280 2981 378 3032 Δουκα
395 2971 410 3030 ὁ
428 2974 632 3045 μητροπολίτης
648 2969 752 3038 ἐκεῖνος
768 2977 856 3045 Σίδης
871 2996 908 3030 τοι
929 2995 979 3045 της
997 2976 1134 3048 βασιλείας
1152 2992 1225 3042 puo-

126 3038 1225 3176 ttttttbt‘tttt‘t‘'tto‘tdl‘ttttt‘tt‘'⁹ttlttibtl

125 3129 253 3248 Ξνὲρχησσ
269 3132 406 3242 δουλείας.
423 3133 487 3233 sslhe
500 3199 593 3250 operas
612 3133 790 3255 lingularum
808 3133 890 3253 aeqha
906 3201 938 3238 ac
949 3131 1097 3236 elbllliouem
1114 3133 1227 3253 imperaff

125 3250 191 3302 toris
209 3249 368 3318 dispositioni
381 3249 509 3303 subiectas
525 3249 646 3304 adulante
669 3269 747 3323 supra
771 3253 871 3306 modum
896 3254 992 3306 calamo
1015 3251 1105 3310 scribit
1120 3253 1226 3304 Blasto-

126 3336 178 3371 res.
196 3317 227 3369 de
246 3319 290 3370 ΟΡ
309 3316 508 3386 patriarcharum
533 3318 659 3376 electione
676 3329 703 3374 et
724 3322 922 3388 inauguratione
946 3321 1023 3372 docte
1042 3321 1225 3390 praeclareque

125 3387 308 3439 illustrissimus
337 3386 472 3456 episcopus
498 3387 637 3440 Vabrensls
665 3407 696 3442 eo
743 3391 843 3444 raesule
874 3390 950 3458 digno
971 3384 1168 3458 Ἀρχιερατιιιῷ.
1191 3390 1224 3442 da
1249 3451 1251 3456 ¹

125 3456 201 3511 trium
219 3455 343 3509 electione
359 3455 478 3508 iacienda
493 3457 679 3511 accuratiorem
695 3408 774 3511 hahet
788 3459 960 3512 narrationem
976 3475 1002 3530 p.
1022 3459 1073 3512 481
1091 3462 1120 3511 et
1135 3475 1193 3529 sqq.

193 3560 229 3614 ib.
249 3577 276 3612 τ.
289 3557 332 3615 15.
349 3555 461 3628 μήνυμα
476 3574 653 3628 nonnunquam
670 3560 845 3614 oodimoda'uru
865 3560 974 3624 dictum,
998 3559 1134 3630 aliquando
1151 3559 1224 3632 prin-

124 3629 190 3700 cipis
213 3630 369 3682 mundatum
393 3628 449 3681 sive
476 3629 556 3684 rcecri
574 3637 643 3694 tum,
669 3629 713 3682 hic
737 3630 850 3682 eiusdem
872 3631 1015 3696 codicillos,
1037 3631 1126 3698 λιστον,
1150 3631 1224 3682 nobis

126 3701 227 3768 οτουολ,
245 3694 391 3752 πιττάκιον
401 3697 504 3767 proprie
521 3647 708 3767 οσίψήφισμα
724 3699 859 3768 siguificat.
876 3699 942 3754 datis
959 3700 1024 3754 euim
1040 3697 1119 3768 regiis
1137 3699 1222 3768 diplo-

7 3797 9 3834 1
125 3769 236 3823 motibus
259 3768 364 3821 collatus
392 3767 530 3836 dignitates
556 3768 692 3822 firmabant
717 3770 908 3839 imperatores·
927 3770 1002 3822 Anna
1028 3768 1167 3824 Alexiados
1189 3769 1221 3820 λε

86 3857 95 3874 ·
125 3832 225 3892 ἐδεδίει
242 3833 294 3906 γὰρ
312 3829 350 3906 μὴ
367 3837 419 3890 τοῦ
433 3833 638 3908 χρυσοβούλλου
653 3831 752 3923 τοίχιον
776 3829 797 3908 ἢ
819 3833 947 3910 προσήκῃ
969 3832 1222 3908 ιιαταπιμφθίντος

126 3902 246 3981 otrirp3‚b¹
263 3902 315 3976 τὴν
331 3907 384 3959 τοῦ
398 3905 540 3975 Καίσαρος
555 3901 637 3972 ἀξίαν
652 3925 742 3980 rouro)
760 3901 900 3978 ἐχαρίζετο
917 3914 967 3964 etc.

193 4028 218 4079 p.
231 4009 281 4064 103
294 4024 322 4062 v.
333 4010 358 4063 2.
377 4003 486 4074 θρόνου
502 4005 653 4078 ἠερανὲου]
672 4010 754 4063 honor
777 4013 805 4064 et
828 4012 900 4064 color
916 4010 997 4080 qualis
1014 4010 1121 4066 (lassari
1137 4009 1221 4080 patri-

124 4079 216 4132 archae
232 4077 371 4144 tribuitur3
388 4095 418 4131 ac
437 4095 494 4131 eam
509 4081 598 4132 forsan
614 4080 648 4132 ob
664 4079 784 4135 remeius
801 4079 995 4152 proclamationi
1005 4096 1035 4147 so
1049 4079 1147 4134 Caesar
1158 4081 1221 4134 snb-

123 4148 210 4204 trahit.
226 4147 287 4201 vide
304 4147 412 4200 dicenda
425 4147 459 4201 ad
468 4166 495 4202 v.
509 4147 543 4204 15
554 4154 580 4203 et
590 4163 647 4219 sqq.

176 4248 226 4302 'ib
243 4267 269 4304 v.
282 4251 309 4305 6.
326 4243 489 4305 ἀνίστανται
506 4245 673 4320 ἀμφότεροι]
690 4255 776 4304 mutuo
801 4271 848 4307 nec
874 4269 925 4306 non
948 4251 1051 4322 aequali
1073 4251 1171 4304 honore
1191 4269 1220 4304 se

124 4316 210 4373 colunt
226 4317 364 4391 imperator
379 4327 407 4394 et
423 4321 587 4394 patriarcha3
604 4319 712 4390 dumque
729 4320 778 4388 sibi
792 4323 902 4376 invicem
919 4326 1070 4392 assurgunt,
1089 4321 1146 4392 pari
1162 4338 1222 4375 seue
