2798 4690
166 273 242 350 aar
326 271 533 344 euersam
547 273 602 342 ar
620 271 752 343 oonru
764 271 1096 368 cummianus

160 441 257 519 dum,
276 443 306 500 et
324 457 396 516 quae
410 444 478 499 sunt
496 433 555 519 πρὸ
575 441 630 517 τῆς
648 432 840 520 womarus,
861 441 891 496 et
905 434 1109 496 hebdomadae
1121 437 1181 517 τῆς
1196 437 1290 502 δια-

163 527 354 607 τατνησίμου.
394 528 424 585 io
440 529 477 584 iic
497 527 563 585 rotor
586 523 727 596 moinum,
757 523 850 600 inquit
867 521 1033 600 Balsamon,
1054 525 1119 601 quio
1140 526 1288 584 mom

164 611 285 679 Armenii
295 613 399 690 propter
416 605 565 672 Ninivitas.
607 609 635 668 io
655 627 683 667 eo
702 609 751 688 qui
770 614 809 666 cst
827 613 890 667 oute
908 609 1128 686 semipastam,
1150 613 1178 668 et
1191 613 1224 668 io
1241 629 1285 668 eo

166 700 216 776 qui
234 701 273 754 est
290 700 351 754 ante
371 690 561 778 τυροφάγον,
581 693 706 752 humettei
723 692 864 752 tetraditoe
884 709 1012 770 mugitum
1027 694 1154 752 triadum
1173 693 1282 753 obm-

58 809 64 822 ·
163 786 248 850 eoois
269 779 403 838 hebdomos
420 785 507 839 natea
521 779 576 858 τῆς
590 777 818 858 ὅτακατνησίμου
834 781 962 856 tauquam
978 778 1032 854 apoc
1045 795 1159 853 mugram
1174 777 1279 838 domi-

164 867 241 925 nicus
262 860 424 944 (paschae)
452 864 508 924 dier
523 868 670 942 reputatur.
711 861 785 922 idem
813 862 895 922 docet
919 858 1086 920 Anastasius
1111 861 1277 942 episcopus

165 947 321 1010 Caesareae
336 946 510 1008 Palaestinae
530 952 612 1008 tract.
633 946 670 1006 de
688 947 856 1023 Astribmio,
876 945 925 1004 ubi
940 945 1015 1005 inter
1034 945 1231 1007 hebdomadas
1248 967 1276 1008 a

164 1035 268 1093 ieiunio
299 1032 383 1113 plane
411 1037 542 1113 exceptas
568 1032 650 1112 ponit
675 1027 730 1112 τὴν
760 1026 913 1112 ἑβδομάδα
940 1033 1003 1109 τῆς,
1019 1030 1274 1111 trauandans.

165 1120 284 1178 eandem
307 1118 509 1178 hebdomadem
532 1118 606 1176 inter
629 1122 760 1196 exceptas
783 1121 911 1176 nrnmerat
936 1113 1068 1176 Nicolaus
1102 1117 1274 1196 patriarcha

167 1203 334 1285 Cpolitanus
347 1204 376 1262 in
388 1202 513 1262 versibus
526 1203 564 1261 ad
577 1199 757 1262 Anastasium
770 1201 873 1261 montis
891 1200 969 1259 Sinai
987 1200 1149 1276 antistitem.

251 1287 423 1366 Rogationes
437 1289 583 1348 triduanae
599 1299 665 1346 ante
684 1287 873 1346 ascensionem
890 1285 995 1346 domini
1014 1285 1129 1346 Graecis
1145 1287 1272 1364 ignotae

167 1381 251 1448 sunt3
269 1393 321 1432 nec
337 1373 393 1432 ulla
409 1372 515 1433 habent
528 1377 604 1431 stata
616 1372 716 1431 ieiunia
728 1370 802 1432 inter
814 1369 919 1452 pascha
931 1375 962 1428 et
975 1377 1166 1451 pentecosten.
1209 1395 1272 1452 νη-

167 1459 251 1522 στεία
264 1455 320 1540 yolo
336 1452 374 1520 ori
388 1455 563 1540 γέγραπται,
584 1449 656 1519 odet
669 1458 861 1537 pomairols,
882 1455 974 1534 inquit
989 1453 1121 1516 Nicolaus
1141 1458 1271 1536 patriar-

168 1541 222 1602 cba
238 1543 275 1602 de
294 1547 421 1622 tempore
441 1543 514 1602 inter
530 1541 636 1620 paseha
659 1547 689 1600 et
705 1545 896 1620 pentecosten.
937 1540 1001 1598 vide
1015 1539 1154 1620 Typicum
1168 1543 1270 1604 Sabae

168 1647 193 1688 r.
208 1627 257 1690 51.
297 1628 436 1687 consentit
451 1646 514 1687 cum
530 1627 573 1686 bis
590 1626 693 1686 nauis
706 1626 879 1686 Glossarium
898 1624 1185 1705 Graeco-barbarum,
1206 1629 1264 1686 nisi

170 1712 248 1789 qnod
271 1713 353 1772 scribi
371 1712 449 1772 iubet
463 1712 692 1793 doorrumloruoe.
734 1712 787 1772 sed
805 1709 918 1771 rituales
943 1711 1007 1770 libri
1024 1713 1192 1793 scripturam
1209 1733 1267 1774 no-

169 1804 258 1856 stram
274 1796 437 1876 plerumque
451 1799 622 1876 praeferunt.

252 1879 398 1944 Dominioa
408 1883 479 1942 hanc
495 1881 698 1942 hebdomadem
711 1877 901 1960 subsequens,
928 1901 1000 1960 quae
1015 1881 1096 1942 uobis
1109 1886 1155 1940 est
1171 1882 1266 1942 domi-

168 1966 231 2026 nica
242 1967 273 2026 in
290 1967 376 2047 albis,
400 1967 514 2028 Graecis
530 1973 575 2026 est
590 1959 716 2045 arausici
731 1963 786 2028 νέα
800 1960 946 2050 supinari,
971 1987 1041 2028 rouo
1054 1967 1199 2043 ἀρπίπίπρ,
1232 1968 1265 2027 in

168 2071 253 2130 qnam
266 2059 359 2112 exstat
375 2053 464 2114 oratio
475 2055 505 2112 S.
521 2051 649 2130 Gregorii
661 2049 834 2110 Nazianzeni
841 2093 852 2130 ‚
872 2058 901 2111 et
919 2057 963 2112 est
983 2053 1072 2112 oratio
1095 2049 1145 2115 43.
1187 2052 1266 2110 eins-

167 2138 233 2196 dem
245 2139 350 2199 mentio
362 2139 395 2198 fit
409 2139 438 2196 in
451 2156 557 2201 cauom
572 2139 613 2202 66
633 2135 777 2196 Trullauo.
818 2143 933 2198 vocatur
953 2139 1039 2200 ctiam
1062 2132 1191 2217 κυρτρκή
1204 2141 1267 2199 τοῦ

168 2215 351 2301 α’ντιπάσχα,
372 2224 452 2298 quasi
469 2223 600 2284 domimica
617 2221 734 2302 partlm
754 2226 871 2298 opposita
891 2241 942 2282 seu
958 2223 1126 2302 responderis,
1153 2226 1184 2279 et
1206 2245 1265 2283 κυ-

168 2300 258 2388 ρτακὴ
285 2309 341 2369 τοῦ
371 2312 465 2388 diupei
491 2325 541 2366 seu
564 2300 742 2386 ψηλάφησις
764 2309 820 2366 τοῦ
841 2304 930 2387 dytoo
953 2303 1077 2382 ἐνδόξου
1094 2302 1264 2369 ἀποστόλου

169 2393 281 2471 (tapsi,
312 2393 389 2468 quod
406 2411 440 2452 eo
463 2393 508 2452 die
525 2391 636 2468 legatur
655 2387 828 2466 evangelium
848 2393 885 2451 de
902 2391 1015 2452 Thomu
1033 2390 1181 2470 apostolo,
1202 2411 1264 2452 ma-

55 2557 60 2564 '
167 2494 235 2534 num
251 2495 331 2536 suam
345 2477 375 2536 iu
391 2473 507 2536 fixuram
519 2476 674 2554 clavorum,
694 2475 801 2534 Christi
818 2479 969 2556 mandato,
990 2479 1164 2536 immittente.

236 2591 272 2644 ib.
287 2610 315 2648 v.
327 2591 353 2646 5.
369 2591 420 2660 τῆς
435 2585 577 2660 ἐκκλησίας
591 2584 745 2658 ἀρχόντων]
763 2587 782 2641 ἰί
797 2594 857 2644 sont
874 2590 1003 2660 praecipui
1020 2607 1125 2660 magnas
1136 2588 1263 2642 ecelesiae

168 2658 291 2714 officiales
317 2677 349 2714 ac
372 2661 399 2713 in
421 2661 545 2728 dignitate
567 2657 712 2723 comitati,
730 2673 794 2728 quos
818 2658 895 2714 etiam
911 2660 989 2728 vulgo
1011 2661 1064 2714 τοῦ
1086 2655 1262 2728 πατριάρχου

167 2724 318 2798 σύγκλητον
337 2731 508 2800 patriarchae
523 2736 639 2784 cerotum
656 2727 751 2782 dieunt.

238 2830 273 2882 ib.
291 2847 318 2886 v.
335 2831 376 2884 12.
392 2827 517 2900 adtonsi]
541 2830 680 2884 orationem
697 2847 714 2883 a
729 2827 874 2900 patriarcha
894 2827 1051 2900 pronuntiari
1067 2828 1165 2883 solitam
1182 2845 1261 2898 rape-

169 2897 221 2950 rics
237 2898 263 2949 in
279 2898 460 2966 Euchologiois
477 2900 584 2953 nostris:
599 2894 694 2960 ὁσάκις
710 2893 780 2968 ἔλθῃ
798 2893 814 2954 ὃ
832 2895 1002 2968 πατριάρχης
1019 2895 1059 2962 εἰς
1073 2893 1124 2952 τὸν
1138 2894 1261 2969 βασιλέα,

42 3018 48 3028 ,
169 2959 314 3034 ἐξαιρέτως
330 2962 363 3019 dl
378 2968 413 3037 τῇ
429 2962 539 3038 πέμπτῃ
555 2969 605 3036 τῆς
621 2968 842 3036 ἃτατατνησίμου.

237 3066 273 3120 ib.
289 3084 314 3120 v.
330 3069 371 3122 18.
388 3061 471 3136 εὐχὴν
480 3059 613 3136 ἐπειπών]
628 3066 710 3120 oratio
721 3066 832 3120 secundo
842 3083 860 3120 o
872 3067 1019 3140 patriarcha
1031 3067 1159 3123 tundenda
1170 3067 1260 3122 wdcm

169 3131 322 3206 Euehologii
338 3136 394 3189 loco
409 3135 536 3208 reperitur
551 3137 585 3190 ad
602 3135 696 3189 calum
712 3135 805 3206 operis.

253 3241 290 3301 ib.
307 3260 334 3302 r.
357 3245 406 3308 20.
437 3241 474 3300 de
498 3242 572 3301 festo
591 3247 767 3321 pentecostes
787 3241 851 3301 vide
871 3259 944 3318 quae
967 3243 1126 3322 scripsimus
1138 3241 1198 3308 l.‚1
1221 3244 1257 3301 da

167 3325 248 3384 sestis
265 3347 288 3386 c.
312 3329 362 3390 28.
411 3325 476 3386 olim
495 3326 525 3386 in
546 3329 619 3387 festo
640 3332 817 3407 pentecostes
836 3329 976 3407 processio
1000 3329 1256 3388 instituebaturad

168 3410 304 3488 templum
318 3413 348 3470 S.
360 3409 444 3472 Mucii
455 3414 603 3490 martyris,
623 3413 666 3472 cui
678 3412 741 3492 ipsc
753 3413 838 3472 etiarn
856 3414 1006 3492 imperator
1024 3415 1165 3473 intererat.
1206 3413 1254 3470 sed

166 3500 269 3574 postea
287 3497 422 3575 abrogata
435 3503 479 3556 est
491 3498 528 3557 ob
544 3517 655 3558 carneam
673 3516 757 3574 quam
778 3505 932 3557 memorant
951 3499 1051 3558 Graeci
1070 3498 1207 3574 historici,
1226 3503 1253 3556 et

164 3581 196 3638 in
214 3579 258 3638 his
278 3581 381 3664 Glycas
400 3583 436 3640 de
459 3581 556 3642 Leone
579 3582 746 3662 philosopho
767 3581 933 3661 imperatore
953 3605 982 3663 p.
1004 3587 1048 3642 ed.
1073 3583 1164 3642 Bouu.
1186 3580 1253 3646 654.

61 3687 84 3741 p
100 3685 151 3744 247
169 3681 256 3740 quare
275 3685 333 3724 non
355 3667 454 3727 mirum
475 3670 500 3726 si
512 3669 637 3727 Codinus
651 3668 697 3726 die
711 3672 888 3746 pentecostes
900 3670 959 3726 eius
971 3669 1074 3728 naham
1090 3667 1253 3727 mentionem

166 3751 252 3828 iacit,
272 3752 498 3828 quandoquidem
514 3752 569 3812 iam
586 3753 693 3832 pridem
704 3752 841 3829 abrogata
856 3755 955 3813 fuerat

141 3871 144 3876 -
256 3834 417 3896 Proeleusiu
435 3855 485 3894 scu
507 3839 710 3915 processionem
722 3837 896 3915 imperatoris
916 3839 962 3897 die
979 3841 1156 3915 pentecostes
1174 3836 1209 3896 ad
1223 3835 1251 3892 S.

165 3919 302 4000 sophiam
321 3921 472 3979 admodum
483 3922 597 4000 festive,
618 3923 685 3998 quin
704 3927 735 3980 et
746 3923 860 3981 ridicule
872 3922 1004 3982 describit
1016 3920 1206 4002 Luitprandus
1223 3921 1252 3978 in

166 4026 219 4066 sua
238 4008 276 4065 ad
299 4005 488 4085 Nicephorum
511 4005 634 4066 Phocum
654 4007 810 4085 legatione,
840 4030 869 4087 p.
894 4007 1062 4072 3471301111.
1104 4011 1156 4066 sed
1171 4004 1253 4064 -Luit-

168 4092 294 4169 praudus
310 4091 437 4150 fortassis
451 4092 564 4150 sinistro
580 4111 632 4150 suo
651 4091 809 4164 aflectnilin
827 4091 967 4170 Graecos,
995 4111 1013 4150 a
1032 4092 1132 4167 quibus
1156 4092 1187 4149 in
1205 4091 1253 4149 hac

168 4180 291 4236 secunda
309 4196 362 4236 sua
387 4174 526 4252 legatione
546 4194 604 4235 non
623 4175 695 4233 bene
718 4175 830 4236 habitus
859 4171 966 4253 fuerat,
997 4175 1110 4234 nhninm
1133 4175 1253 4234 indulsit

169 4255 254 4338 longe
271 4261 351 4326 aliter
365 4261 491 4326 Codiuus
514 4280 577 4323 cum
595 4260 625 4321 in
648 4259 702 4322 boc
717 4259 802 4342 libro,
823 4269 883 4324 tum
903 4263 942 4337 in,
954 4259 1115 4338 Originibus
1129 4260 1253 4343 Cpolita·
