2822 4684
157 333 232 404 230
321 333 530 402 GRETSERI
542 334 597 401 ΕΤ
612 331 744 401 GOARI
757 329 1091 400 COMMENTARIUS

158 495 203 549 illa
217 493 323 549 brevior
340 501 380 548 est
399 499 426 548 et
442 511 517 549 suras
532 493 635 558 lambit,
658 492 753 547 finibus
769 497 841 545 caret
857 495 884 544 et
905 487 994 560 plicis,
1017 487 1102 558 globis
1124 505 1167 544 sua
1193 492 1259 544 mole

159 565 300 635 conspicuis
317 564 454 634 colligatur
470 563 502 618 ad
519 563 595 616 imum
620 577 701 632 usque
724 570 827 632 pectus,
848 575 940 642 eorpus
966 559 1122 628 adstringit,
1149 567 1177 613 et
1193 576 1261 612 nono

160 634 351 704 praecingitur,
375 635 424 687 sub
447 649 498 702 qua
522 649 623 685 crurum
648 637 731 684 motus
753 630 843 682 limbos
867 646 919 681 orrs
935 628 1098 681 interioribus
1114 636 1215 683 σσσσιοσ
1232 635 1260 682 et

160 703 299 756 subductos
319 703 473 756 manifestat.
508 701 573 756 baec
597 705 611 768 (
630 716 679 754 uae
706 694 876 768 σααράνικον
893 699 945 764 est)
963 696 1064 765 longior
1081 698 1114 750 ad
1130 699 1195 752 talos
1213 698 1260 752 de·

159 771 232 838 linit,
260 777 350 840 aperta
372 771 471 839 geritur
494 777 521 823 et
544 718 644 836 cingulo
661 769 755 832 libera,
777 768 881 820 sinuosa
898 783 949 820 oon
969 771 1009 819 est
1025 766 1188 838 priorelicet
1203 784 1259 819 am-

161 841 242 911 plior;
261 839 328 892 unde
345 846 372 892 et
387 838 521 892 latioribus
540 838 668 908 rectisque
684 836 803 905 matricis,
822 836 845 889 si
862 835 1038 904 expandatur,
1054 835 1136 888 crucis
1153 837 1260 889 formam

162 909 280 962 exbibete
305 909 405 978 quade
423 925 501 962 causa
517 907 677 961 sacerdotnm
695 907 823 970 tunicam,
849 923 897 958 ceu
914 904 1066 957 senatoriam
1083 909 1110 956 et
1126 921 1259 975 procerum

161 977 306 1098 titis
320 977 410 1099 ,apa
425 977 536 1062 ⁸¹¹⁹⁰⁰¹¹1
549 975 748 1098 {iiiiii-⁸⁰
764 975 899 1096 ‘titt‘
915 973 1273 1110 ¹¹lsit⁸tttztulti¹

162 1064 354 1183 acclinatio?
365 1063 413 1168 dolel
431 1064 474 1176 :32²
484 1063 585 1182 plbrbliv,
604 1109 634 1166 ἐν
653 1062 793 1200 pertinellis
810 1061 926 1176 δωρσῗρ,
944 1106 1084 1179 elorensis
1102 1107 1260 1180 ἱερωσύνης,

163 1178 208 1236 ὅτι
224 1181 273 1236 καλ
290 1181 466 1252 συγκλητικοὶ
480 1186 570 1236 ταῦτα
595 1175 753 1235 sonnonem.
789 1181 892 1252 primam
912 1195 979 1250 quae
999 1179 1091 1234 milites
1108 1181 1182 1234 decet
1199 1182 1260 1234 lau-

164 1255 210 1304 ‹lat
228 1253 342 1306 Taetrer
359 1251 467 1305 chiliad.
484 1256 517 1306 22
543 1247 653 1317 ἔσθημα
677 1245 826 1319 ἕναολλισν,
850 1250 1024 1313 στρατιωτῶν
1039 1244 1072 1302 sd
1088 1245 1167 1318 ελμα,
1191 1245 1261 1316 ὅπερ

162 1318 290 1392 audietne
308 1316 415 1388 λέγεται
432 1314 489 1374 oind
513 1319 653 1392 Καβάὸοα
678 1315 799 1387 Πέρσου.
835 1335 924 1371 verum
940 1318 966 1370 in
984 1319 1109 1374 mbadem
1125 1321 1191 1372 bunc
1207 1319 1262 1374 Ro·

163 1405 263 1443 manum
280 1406 368 1458 sagum
384 1390 555 1456 degenerasse
572 1395 685 1443 autumo.
722 1389 755 1441 ab
772 1387 885 1456 Assyriis
902 1387 935 1440 ad
954 1387 1050 1441 curiam
1068 1387 1114 1440 ΟΡ
1128 1389 1263 1442 transiisse

165 1458 262 1512 scribet
279 1467 368 1511 auctor
385 1457 491 1511 inferius
509 1475 533 1510 c.
551 1459 568 1512 6
584 1457 616 1510 ed
636 1458 743 1519 calcem3
761 1457 829 1527 quod
848 1457 881 1508 de
898 1464 1020 1524 externo,
1047 1473 1095 1510 cen
1113 1475 1129 1508 a
1142 1457 1263 1512 Romania

163 1529 252 1581 nribus
272 1527 367 1591 alieno,
391 1526 484 1580 dictum
501 1527 590 1579 lubens
607 1526 762 1596 amplectere
784 1544 800 1579 a
825 1543 910 1594 coppo
926 1543 988 1578 vero
1006 1525 1086 1596 (quod
1105 1526 1148 1578 alii
1162 1528 1266 1580 cummi·

164 1596 319 1664 niscantur),
336 1596 446 1649 barbara
462 1594 611 1648 latinorum
626 1612 692 1648 voce
708 1603 888 1666 nuncupatum,
905 1595 1018 1654 alorna
1034 1593 1157 1665 siqnidem
1172 1597 1265 1650 abbor-

164 1671 224 1732 ret,
242 1681 275 1719 ne
291 1666 370 1719 risum
389 1670 507 1731 moveat,
523 1664 606 1718 nullus
622 1665 742 1719 affirmet.

251 1749 431 1834 Καββᾶδιον
444 1754 581 1832 despotae
597 1759 642 1812 est
663 1748 726 1828 ὀξύ.
747 1757 781 1811 ut
793 1749 932 1828 intelligas
950 1751 1019 1828 qnid
1038 1754 1077 1812 sit
1090 1752 1168 1812 color
1182 1746 1265 1828 σ’ξσλς,

60 1841 80 1894 Ρ
99 1843 149 1898 197
167 1840 317 1916 seuquid
330 1838 516 1900 casaubonus
531 1857 566 1898 ex
577 1838 712 1898 Turnebo
723 1838 828 1898 scribat
840 1839 877 1894 ad
889 1837 957 1896 illud
973 1837 1105 1898 Trebellii
1117 1837 1265 1898 Pollionis:

165 1926 317 2002 chlamydes
334 1930 392 1984 ueri
404 1925 511 1984 luminis
529 1925 654 1984 limbatas
671 1924 748 1987 duos.
777 1923 870 1982 lumen
889 1941 948 1982 non
969 1929 1014 1982 est
1034 1924 1133 1984 coloris
1153 1943 1266 2002 nomen,

165 2011 217 2068 sed
231 2011 366 2087 affectus,
387 2011 435 2084 qui
449 2011 576 2085 sequitur
594 2010 700 2068 colores
718 2009 892 2066 intensiores.
915 2027 1069 2086 purpuram
1085 2010 1142 2068 veri
1155 2009 1265 2068 luminis

165 2096 291 2174 appellat
318 2097 419 2156 σλσνανα
443 2094 623 2174 Lampridius
649 2095 679 2152 in
706 2093 897 2170 Diadumeno,
925 2095 955 2152 in
978 2094 1138 2153 Alexandro
1161 2097 1266 2154 Severo

166 2182 350 2259 clarissimum.
391 2179 528 2258 Vopiscus
551 2181 580 2238 in
602 2181 706 2239 Carino
736 2179 830 2236 lumen
859 2197 1000 2256 purpurae
1029 2180 1152 2256 eleganti
1180 2180 1267 2239 verbo

167 2265 320 2344 expressit,
341 2285 403 2324 curn
418 2266 501 2326 linear
515 2268 640 2324 micantes
650 2284 772 2344 purpure
784 2263 862 2322 dixit.
896 2263 996 2322 Graeci
1010 2266 1058 2340 qui
1071 2266 1167 2344 purius
1180 2266 1268 2325 locuti

167 2357 249 2427 sunt,
272 2349 331 2408 veri
350 2350 461 2410 luminis
481 2351 586 2409 colores
606 2352 702 2409 dicunt
723 2344 815 2423 ὀξεῖς,
837 2349 975 2426 posterior
995 2356 1073 2410 aetas
1088 2346 1268 2430 ἀληθινούς.
1302 2410 1305 2414 .

167 2436 243 2493 unde
254 2436 375 2494 obtinuit
386 2442 418 2493 ut
432 2429 565 2512 diniensi
577 2434 785 2512 appellarentur
798 2435 890 2492 omnia
905 2453 1045 2512 purpurea
1059 2442 1175 2515 propter
1185 2456 1268 2516 prae-

167 2520 302 2579 stantiam
315 2520 387 2580 sacri
400 2521 518 2578 muricis.
539 2520 616 2598 apud
632 2519 826 2580 Balsamonem
850 2520 879 2577 in
900 2517 1069 2581 Photianum
1088 2521 1267 2582 Nomocano-

167 2624 233 2666 nem
247 2605 333 2664 habes
355 2599 487 2684 ἀληθινοὶ
504 2599 701 2685 ὑποδήματα,
723 2605 898 2665 calceamento
916 2625 1049 2684 purpureo
1068 2614 1094 2668 et
1111 2614 1170 2668 νοη·
1186 2609 1253 2668 lumi

168 2694 229 2766 αὑ,
247 2692 283 2750 de
302 2690 403 2768 quibus
413 2693 497 2750 etiam
511 2691 653 2769 Corippus
664 2690 741 2750 laud.
755 2689 889 2752 Iustiui2
908 2691 976 2752 104.

168 2788 870 2921 usitatissimusilluminent?
885 2789 1269 2928 lusistislusistis

170 2925 342 2985 discriminat,
368 2926 498 2994 colligitur
517 2923 625 2980 sensnsl
661 2924 705 2992 qui
723 2925 878 2994 pertinacius
896 2927 1050 2992 asseruerit,
1072 2929 1171 2982 colores
1195 2930 1268 2998 ipsos

168 2992 297 3062 inspiciat
331 2992 358 3045 in
381 3011 419 3046 ms
440 2995 537 3047 'l'iliani
558 2995 643 3046 limine
667 2994 831 3063 imperatoris
854 2995 956 3063 efligies
973 2997 1075 3050 rubrum
1093 3004 1204 3052 ostentat
1219 3015 1268 3050 ve-

171 3062 328 3128 stimentum,
354 3060 381 3112 in
399 3061 599 3128 sandionysiano
616 3061 764 3116 violaceum.
798 3065 935 3132 utrobique
952 3063 1062 3119 eiusdem
1079 3074 1119 3120 est
1134 3067 1268 3136 principis,

171 3129 297 3182 Manuelis
320 3130 447 3184 nimirums
472 3131 610 3184 violaceum
627 3130 716 3200 itaqua
733 3131 798 3184 sicut
817 3141 844 3184 et
859 3149 1013 3204 purpureum
1030 3135 1079 3188 sibi
1096 3137 1200 3190 assumit
1217 3138 1268 3190 im-

171 3207 287 3265 perator.
322 3205 350 3252 at
366 3199 506 3270 despotae,
525 3200 625 3268 dequo
644 3215 735 3266 sermo,
753 3207 781 3252 et
797 3199 958 3269 imperatoris
976 3205 1112 3258 communis
1132 3212 1173 3258 est
1190 3207 1266 3258 caba-

171 3267 212 3320 dis
229 3275 350 3332 ornatus,
373 3263 405 3322 sd
424 3263 526 3338 ροῦχον
541 3263 631 3322 oritoni
647 3263 738 3338 ὥσπερ
755 3266 803 3321 καὶ
820 3265 853 3324 cd
878 3270 1032 3342 βασιλικόνε
1056 3274 1093 3326 ita
1116 3291 1197 3342 nuper
1220 3290 1269 3326 au-

171 3341 235 3389 ctor.
269 3337 371 3391 loannis
392 3338 508 3406 collegae
532 3343 636 3408 praeter
658 3338 721 3391 baec
745 3337 860 3409 effigies,
885 3341 951 3394 sicut
973 3348 1000 3395 et
1018 3348 1124 3412 paterna
1140 3342 1269 3394 Manuelis

170 3403 347 3474 imperatoris,
366 3407 407 3460 cui
426 3414 512 3474 astat,
537 3407 677 3462 violaceam
695 3415 792 3461 vestm
811 3414 923 3464 ostentet
941 3411 965 3463 in
982 3411 1085 3465 laudato
1103 3413 1132 3464 S.
1149 3411 1269 3480 Dionysii

170 3489 218 3527 ms.
255 3493 317 3544 ergo
335 3475 459 3546 despotae
475 3474 632 3550 ναββοίὸιον
651 3471 701 3544 did
718 3468 739 3547 ἢ
759 3469 899 3548 λραθρόνι
917 3479 1049 3549 cabades,
1072 3481 1190 3551 inquam,
1212 3481 1270 3536 oio·

170 3543 257 3598 taran
273 3552 321 3598 out
334 3563 489 3616 purpureres.

240 3629 274 3681 id.
297 3647 326 3682 v.
354 3633 395 3684 19.
417 3632 469 3685 rori
490 3629 631 3696 Καίσαρος
651 3627 699 3686 ἐπὶ
719 3631 776 3686 τῶν
798 3623 901 3699 ἕορτοῖν
922 3633 1057 3704 ζητεῖται]
1082 3651 1110 3686 re
1129 3633 1209 3686 eritur
1226 3633 1271 3688 ille

171 3696 292 3778 Caesaris
317 3698 418 3752 babitus
440 3716 456 3752 a
479 3699 565 3752 Barda
588 3699 613 3752 in
643 3702 743 3771 publico
765 3702 919 3771 solemnique
942 3720 1063 3770 processu
1086 3652 1127 3755 ad
1137 3703 1273 3757 ecclesiam

173 3765 215 3816 dre
233 3767 300 3820 festo
319 3775 434 3832 gestatus
452 3769 518 3838 apud
538 3769 650 3823 Leonem
667 3772 866 3824 Grammaticum
886 3772 911 3824 in
930 3771 1055 3826 Michaele
1072 3771 1209 3841 Theophili
1228 3773 1271 3826 ue

172 3830 271 3902 Boipdo
299 3833 331 3889 dl
355 3839 407 3890 rori
428 3837 570 3904 Καίσαρος
593 3833 623 3891 ἐν
649 3839 684 3909 τῇ
708 3837 865 3906 apostaticae
884 3837 1063 3908 διερχομένου
1079 3836 1149 3910 μετὰ
1165 3857 1273 3907 σναρα·

170 3902 289 3973 μαχχίσα
300 3900 392 3980 ιὀξέος.
427 3915 467 3960 est
490 3924 553 3960 vero
572 3904 779 3976 σκαραμαὶχχιον
796 3909 881 3962 tunica
896 3909 1002 3963 Persica
1019 3927 1082 3964 auro
1099 3911 1208 3977 intexta,
1221 3919 1274 3963 'en-

171 3973 228 4026 dem
246 3992 302 4027 curn
318 3975 466 4040 marcaico,
490 3976 521 4028 de
539 3993 590 4044 quo
610 3977 715 4030 inferius
732 3985 831 4031 auctor.
865 3979 981 4046 suggerit
1004 3985 1143 4049 propterea
1164 3979 1275 4032 Caesari

175 4042 256 4096 cidem
276 4045 423 4098 Pbilotlreus
441 4044 548 4097 amicus:
572 4041 689 4112 αὔριον,
715 4035 737 4096 ὦ
761 4044 899 4114 δέσποτα,
922 4048 1073 4118 περιβαλοῠ
1095 4043 1146 4103 τὰν
1170 4066 1274 4118 χρυσο-

173 4109 305 4176 περσινόν
323 4130 373 4166 σου
391 4112 568 4180 χιτωνίσκον,
594 4111 642 4166 καλ
665 4110 772 4181 ὄφθητι
789 4119 848 4180 τοῖς
864 4109 976 4183 ἐχθροῖς
992 4132 1053 4172 σου.
1087 4112 1145 4170 oind
1164 4114 1277 4186 προσώ-

173 4196 230 4230 που
246 4197 297 4234 σον
315 4179 479 4254 φεύξονται.ἱ
511 4182 561 4234 rori
585 4177 664 4248 ἡλίου
681 4177 714 4235 db
732 4177 927 4245 deucalioneos
943 4185 1020 4256 inape
1037 4179 1138 4257 ἐπιβὰς
1154 4182 1276 4254 παρεχέ-

175 4263 237 4300 νστα
255 4245 325 4314 πρὸς
340 4246 392 4318 τὴν
408 4247 513 4318 κόρσην
524 4251 575 4302 τοῦ
587 4247 716 4320 βασιλέως
726 4248 793 4318 perui
805 4254 902 4322 στολῆς
912 4256 1047 4324 λαμπροῖς.
1082 4273 1173 4311 vocem
1185 4252 1278 4327 νόρση

174 4317 309 4372 tentorium
328 4319 369 4374 hio
385 4319 500 4374 indicere
516 4319 740 4375 demonstrabimus
758 4321 827 4376 alibi.
