2802 4686
352 359 355 364 ,
468 287 530 372 ,ιο
557 226 704 356 comm
730 286 866 355 coen
1145 287 1216 360 σοι

119 455 309 537 dirupulomm
328 451 408 533 polleo
427 453 505 527 lenit.
526 451 739 534 quemadmodem
758 456 846 532 igitur
867 453 993 532 episcopie
1007 469 1059 512 non
1075 452 1218 512 οοσαίυσ·

119 541 383 604 monendomum
403 559 471 619 quae
485 541 651 620 patriarchis
679 559 798 604 coruum
821 545 898 614 runt,
918 545 950 598 ut
971 557 1065 596 rocem
1090 544 1117 596 et
1135 539 1216 618 poly-

118 630 257 702 staurion,
276 629 357 686 acetr'r
375 625 496 686 crucibm
519 626 692 704 undequaque
715 628 870 704 omrpicua,
889 627 933 682 ita
952 642 999 682 nec
1022 643 1054 682 ea
1072 624 1217 700 privilegiu

119 733 188 793 quoe
204 715 334 791 episcopio
343 729 465 770 concerno
476 718 538 768 runt
554 711 591 770 nel
600 709 746 770 sacerdotes
762 709 905 788 transferri
917 713 1038 787 poscunt.
1065 706 1133 766 haec
1149 707 1215 767 Bal·

118 816 225 858 samom
245 815 280 856 ex
302 795 381 854 oraim
400 795 492 855 verbio
512 795 602 870 liquet
624 796 815 873 epigonatium
840 791 998 872 episcopale
1022 793 1217 853 vestimentum

117 903 169 944 oea
193 883 387 944 indumentum
404 897 482 961 ense,
509 895 567 940 non
592 886 686 940 autem
708 880 739 938 id
763 879 841 958 quod
862 879 958 941 Iunius
977 877 1127 938 lectoribus
1148 898 1217 938 ven·

186 1063 245 1135 pi
264 1080 293 1116 v.
310 1062 337 1118 3.
372 1053 549 1130 ίαιγονσίτιον
566 1065 741 1114 omamentnm
765 1065 806 1114 eet
836 1059 1053 1127 emleriarticam,
1083 1059 1218 1134 plusquam

15 1147 17 1154 ¹
120 1133 254 1204 palmare,
269 1141 297 1186 et
309 1130 448 1202 quadrum,
466 1147 499 1182 ex
510 1130 604 1196 angulo
622 1137 650 1182 et
666 1132 726 1184 lune
743 1130 827 1184 nerim
845 1147 926 1184 nonae
942 1147 1089 1200 appensum,
1106 1147 1139 1184 ac
1149 1149 1218 1199 genu

82 1257 88 1265 ,
118 1203 262 1268 sinistrum,
286 1200 352 1254 ande
365 1199 399 1252 illl
417 1215 506 1252 nomen
526 1197 628 1261 datum,
653 1200 821 1264 obumbrans,
838 1205 867 1253 ut
884 1199 1009 1253 ecelesiae
1027 1217 1145 1269 sponium
1160 1202 1218 1270 gla-

118 1271 161 1324 dio
173 1287 250 1354 cuper
261 1271 342 1325 lemur
353 1267 492 1321 accinctum
505 1272 532 1320 et
544 1275 666 1321 armatum
680 1268 827 1329 adumbret3
846 1267 950 1340 cinoque
970 1267 1018 1321 roll
1037 1270 1171 1334 pontifices
1184 1287 1217 1322 οο

118 1355 257 1462 ρσυοογγυσ
267 1339 391 1408 dignitate
402 1337 525 1406 praeclari
537 1336 606 1389 σοοσί
616 1347 676 1396 eunt
687 1355 773 1402 usuam
791 1345 818 1390 et
835 1339 867 1391 ab
884 1355 933 1406 eo,
950 1336 994 1406 qui
1012 1339 1158 1406 pontificum
1170 1356 1216 1391 zo-

119 1409 185 1463 niru
215 1409 253 1492 git
265 1407 394 1472 minister,
417 1401 432 1460 ὃ
456 1399 517 1472 inl,
539 1406 582 1458 vel
598 1411 627 1457 ut
644 1405 702 1475 olii,
728 1400 784 1460 rimi
803 1407 860 1460 reio
875 1404 1003 1476 γονάτων
1019 1408 1215 1479 appellationem

119 1477 161 1530 hic
172 1477 273 1548 accipit.
306 1476 340 1529 de
350 1492 401 1562 qpo
409 1475 549 1558 gillatimm
566 1469 581 1528 ὃ
599 1469 655 1530 ὑπὸ
673 1472 809 1545 γονάτων,
826 1471 896 1530 ὅταν
912 1471 1079 1530 ἀλλάσσουσι
1093 1471 1144 1530 τὸν
1161 1471 1214 1542 οἷο-

119 1540 227 1616 quola,
245 1549 332 1612 φορεῖ
344 1561 419 1614 αυσῳ
437 1539 469 1597 τὸ
485 1539 688 1612 ὕπογονοίσιον,
710 1546 820 1612 κρατῶν
837 1541 870 1598 tt
887 1542 935 1599 nort
952 1539 1002 1597 σὰν
1020 1544 1116 1601 δίσκον
1133 1539 1164 1600 ἒν
1179 1547 1214 1616 τῇ

119 1614 274 1684 λειτουργίᾳ
291 1609 441 1682 διδομένου
456 1607 522 1680 παρ’
542 1608 630 1666 conoe
646 1611 698 1667 roi
715 1609 796 1682 ἁγίου
812 1609 902 1682 ἄρτου
916 1615 957 1682 τῷ
975 1613 1043 1686 λαῷ.

202 1703 326 1762 Vocatur
353 1701 438 1758 etiam
462 1693 604 1782 γονάτων
633 1702 713 1777 quasi
737 1703 859 1778 genuole.
901 1702 1046 1761 Cabasilas
1068 1703 1100 1762 in
1126 1702 1211 1762 Glos-

117 1788 207 1846 eario:
228 1785 280 1848 aul
301 1778 399 1848 τύπον
419 1780 487 1846 arui
510 1785 662 1863 ῥομφαίας
687 1781 923 1866 περιζωννύουσι
944 1781 1054 1866 αὐτόν,
1076 1785 1111 1851 τό
1130 1783 1214 1869 λεγό-

120 1893 215 1953 μενον
235 1867 394 1952 γονάσιον,
415 1865 434 1931 ii
453 1864 528 1949 πρὸς
545 1875 644 1950 σχῆμα
661 1871 771 1947 ξίφους
787 1868 1006 1952 ἐσχημάτισται.

187 1987 250 2040 uio.
275 1977 466 2052 ίσσιγονοίτιου]
482 1982 545 2034 alius
560 1976 759 2052 inoqoooluor.

201 2088 342 2167 Lepidum
364 2093 394 2146 et
412 2087 469 2145 risu
487 2087 603 2164 (lignum
628 2089 748 2149 arbitror
770 2092 849 2166 quod
870 2089 1005 2150 Salomon
1026 2088 1213 2166 Sweiggerus,

118 2177 284 2257 praedicans
303 2175 442 2250 Noricus,
462 2172 480 2230 l.
501 2176 522 2234 2
543 2174 587 2231 sui
599 2175 790 2255 Hodoeporici
804 2197 827 2236 a
850 2182 893 2241 62
912 2181 1020 2236 reatem
1039 2175 1112 2232 hauc
1131 2181 1215 2232 vocat

117 2256 331 2342 rcuyuooirroo,
359 2278 377 2316 a
399 2276 511 2336 pogone
532 2277 583 2317 seu
606 2259 699 2320 barba
751 2263 792 2322 ite
813 2263 951 2342 pogonati
970 2261 1060 2322 nostri
1085 2260 1214 2339 nuspiam

117 2347 224 2406 berbm
244 2364 312 2404 suae
331 2343 454 2402 oblivisci
474 2350 601 2422 possunt.

202 2433 239 2492 ib.
260 2449 286 2489 v.
308 2428 337 2491 4.
380 2427 495 2486 Tertius
515 2428 544 2486 in
560 2429 647 2490 ,tertia
667 2431 791 2508 pentade
810 2434 855 2490 eet
877 2428 896 2494 oi
915 2429 964 2494 tet
986 2433 1049 2493 raia
1070 2423 1214 2510 δεήσεων,

117 2522 249 2594 magister
266 2515 411 2574 libellorum
429 2513 604 2591 supplicium,
625 2515 717 2590 inquit
733 2515 848 2596 Iunius,
869 2534 920 2576 eeu
934 2517 1089 2595 praefectur
1110 2515 1214 2594 urppli-

119 2603 281 2662 calionilur:
316 2601 397 2658 leuius
426 2604 485 2656 erut
511 2617 561 2676 pro
594 2603 696 2659 iniuria
730 2602 837 2680 effectio
868 2603 990 2662 accedere
1023 2606 1213 2678 imperatorem.

119 2707 177 2746 non
196 2684 321 2744 meminit
341 2683 422 2742 huius
446 2684 595 2742 functionis
623 2685 745 2762 Citrius,
772 2687 826 2744 nisi
850 2687 925 2746 forte
945 2687 1022 2766 apud
1041 2686 1160 2744 Cilnium
1176 2683 1215 2742 le-

118 2767 243 2849 gendum
266 2771 304 2828 sit
332 2767 351 2832 oi
372 2765 421 2831 laet
440 2771 501 2830 τοῖν
524 2763 656 2850 δεήσεων
678 2791 730 2847 pro
751 2768 770 2832 o‘
793 2769 841 2834 net
869 2777 930 2832 ταῖν
955 2771 1084 2854 κρίσεων
1091 2814 1100 2845 ,
1130 2788 1213 2846 quem

117 2859 180 2938 ipse
196 2855 341 2916 undecimo
365 2852 428 2912 loco
454 2853 543 2932 ponit.
585 2855 711 2913 nominat
738 2856 817 2916 initio
841 2857 969 2914 Codinns
999 2851 1052 2917 τόν
1074 2853 1122 2918 ἐπὶ
1151 2861 1213 2916 roiu

118 2944 264 3024 κρίσεων,
281 2941 347 2998 licet
368 2958 432 2996 eum
450 2944 551 3016 postea
567 2939 597 3018 in
612 2941 688 2998 nulla
706 2943 829 3021 pentade
851 2941 984 3021 collocet,
1011 2941 1036 3000 si
1050 2946 1144 3001 tamen
1154 2941 1212 3020 pri-

118 3047 181 3086 mus
204 3027 359 3086 officialium
382 3025 466 3082 index
489 3029 534 3082 est
555 3026 665 3084 Codini.

187 3126 269 3178 Deest
288 3123 314 3176 iu
340 3122 472 3176 Allatianir
493 3123 543 3175 hoc
567 3123 694 3186 osticium,
724 3127 753 3176 ut
778 3127 807 3178 et
838 3139 963 3194 nequent,
1000 3122 1101 3178 accensi
1125 3123 1212 3176 eccle-

116 3192 215 3248 siastici
230 3192 356 3246 silenitinm
367 3191 476 3262 quietem
486 3198 514 3245 ct
524 3191 635 3246 ordinem
652 3192 679 3246 in
696 3193 818 3260 remmia,
833 3194 883 3248 hoc
893 3200 934 3248 eat
942 3193 1081 3266 pontificiis
1091 3191 1211 3245 tribuna·

115 3263 198 3328 tibur,
215 3260 358 3314 indicentis.

203 3352 241 3410 u.
255 3367 282 3407 v.
297 3347 326 3410 5.
367 3351 492 3420 Quartus
523 3354 568 3408 est
597 3344 616 3413 ὅ
640 3347 690 3412 lot
719 3352 781 3411 univ
816 3348 975 3432 σεκρὲτυν,
1012 3369 1095 3427 quem
1129 3369 1212 3409 secre-

117 3440 219 3497 tarium
238 3433 329 3494 dicere
349 3435 461 3513 liceret,
481 3435 533 3492 nisi
546 3432 693 3493 'secretorio'
707 3455 762 3494 vox
783 3455 836 3492 usu
855 3442 968 3512 recepto
989 3436 1044 3496 iam
1060 3439 1212 3496 octennium

117 3522 300 3582 seu'roritom
316 3540 365 3579 seu
385 3523 514 3580 noterium
535 3519 711 3597 significaret.
751 3525 783 3577 at
802 3528 899 3578 noster
918 3522 972 3579 iste
993 3519 1009 3584 ὅ
1028 3519 1077 3590 inl
1094 3524 1153 3582 τῶν
1165 3540 1212 3582 σε-

117 3606 232 3672 κὲτων
252 3605 327 3664 aliud
352 3627 452 3666 mimus
479 3605 615 3664 habebat:
644 3611 705 3664 erat
731 3605 804 3664 enim
823 3607 968 3665 institutus
989 3606 1033 3680 εἰς
1050 3602 1085 3668 ml
1103 3601 1214 3667 παύειν

118 3715 171 3756 σον
190 3687 264 3756 toto
285 3689 335 3753 ἐσσὶ
354 3687 388 3754 rol
410 3693 539 3771 κρίνειν,
564 3689 743 3768 cqmpercemla
751 3692 864 3770 populo,
889 3698 920 3750 ut
936 3692 1038 3752 iudicio
1056 3693 1212 3766 iubeantur,

118 3778 210 3855 inquit
232 3776 343 3854 Iuniae,
375 3793 528 3857 perperam.
569 3779 662 3834 verte:
683 3780 740 3854 etur
756 3779 803 3855 qui
818 3782 914 3835 recreta
930 3783 1036 3856 praeest
1055 3797 1149 3836 rannus
1174 3783 1214 3836 eol

118 3869 165 3936 ut,
197 3863 259 3921 dum
275 3863 379 3922 iudicia
398 3863 541 3934 labentur,
561 3861 737 3940 populumne
758 3861 842 3940 oplioio
863 3867 1008 3936 continent,
1035 3863 1163 3920 nimirum
1180 3868 1213 3920 ut

118 3948 259 4006 silentium
280 3954 405 4008 servaret
423 3945 570 4022 nullasque
597 3946 693 4006 turbae
716 3947 816 4019 cieret3
850 3949 926 4022 quod
943 3967 1045 4008 manus
1065 3949 1130 4006 olim
1151 3951 1213 4004 erat

118 4034 276 4092 adactorum
293 4039 324 4092 et
343 4033 574 4107 cancellariorum,
599 4036 632 4089 ut
650 4050 737 4109 supra
752 4033 909 4090 notavimus
926 4051 971 4092 en¹
983 4033 1152 4090 Casanbono
1174 4030 1213 4088 ad

117 4115 276 4196 Augustam
303 4119 465 4192 historiam
493 4115 542 4174 nbi
568 4116 651 4174 otiam
674 4118 789 4176 ‚dictum
808 4123 907 4179 recreta
924 4119 1017 4176 vocari
1031 4117 1092 4174 loca
1112 4114 1159 4171 ubi
1175 4116 1212 4172 de

116 4204 238 4280 negotiis
266 4225 318 4282 pro
342 4205 450 4264 ratione
476 4202 598 4261 muneris
624 4201 743 4279 quisque
765 4204 808 4261 sui
829 4203 975 4262 tractatum
1002 4198 1212 4259 conveniebant.

114 4284 184 4350 inde
201 4289 232 4352 iu
251 4287 314 4350 lure
337 4289 392 4350 GR
415 4288 563 4368 aliquoties
597 4284 766 4370 σεκρεσσκὸν
788 4282 923 4368 ἀξίωμα,
951 4288 1072 4362 to‘gniter
1100 4285 1209 4344 cunctis
1287 4335 1292 4345 ,
