2802 4686
337 1348 614 1502 maun
664 1391 1026 1505 carnus

501 1643 862 1721 curcur.

142 2039 143 2042 η
189 1995 231 2055 uis
255 1995 341 2053 fuerit
355 1994 494 2073 Georgius
513 1996 640 2055 Codinus
659 1997 849 2075 Curopalata,
874 2001 904 2073 et
927 2015 983 2072 quo
997 1993 1108 2053 saeculo
1124 1993 1268 2074 virente
1287 2001 1334 2055 151

135 2105 195 2144 non
209 2081 300 2140 habeo
318 2082 423 2154 dicere3
449 2087 481 2139 ut
495 2101 547 2140 nec
561 2082 647 2158 illud,
666 2101 733 2140 num
747 2081 933 2159 Curopalatae
947 2099 1048 2140 nomen
1068 2081 1106 2138 sit
1127 2099 1232 2157 cogno-

134 2190 201 2230 men
214 2187 252 2244 an
266 2163 349 2225 officii
363 2167 486 2244 palatini.
527 2167 596 2225 illud
619 2167 725 2245 liquet,
746 2169 875 2244 sequiora
895 2167 949 2225 iam
968 2165 1099 2242 Graecia,
1119 2171 1149 2222 et
1169 2185 1232 2226 cum

135 2257 174 2314 ad
192 2253 338 2312 interitum
360 2254 508 2330 tenderet,
535 2249 679 2332 floruisse,
710 2258 777 2332 post
805 2253 1032 2312 Cantaeuzenum
1059 2251 1163 2310 scilicet
1190 2246 1234 2312 vel

58 2383 59 2386 η
135 2359 199 2401 cum
214 2337 271 2396 illo.

221 2423 338 2482 Praeter
356 2421 431 2479 hunc
443 2419 559 2498 librum,
581 2421 630 2496 qui
649 2420 730 2478 nobis
751 2413 843 2480 estin
864 2421 1007 2502 manibus,
1029 2424 1140 2502 scripsit
1159 2423 1235 2482 idem

138 2510 266 2570 Codinus
290 2503 530 2588 aspexeritne
556 2510 609 2584 τῆς
630 2509 736 2586 βίβλου
756 2510 815 2568 rori·
839 2512 983 2588 χρονικοῦ
1003 2508 1070 2587 περὶ
1091 2513 1152 2570 τοῖν
1172 2531 1235 2570 πα-

139 2599 230 2675 τρίων
250 2595 305 2671 τῆς
322 2591 683 2664 Κωνσταντινουπόλεως,
705 2592 801 2650 selecto
817 2611 850 2650 en
867 2593 933 2650 libro
953 2593 1071 2652 chronico
1093 2593 1126 2652 de
1148 2597 1235 2670 origi·

139 2683 216 2741 nibus
236 2679 356 2757 cholcos,
379 2696 451 2753 quae
471 2678 526 2734 iam
553 2677 659 2734 Graece
679 2683 708 2734 et
731 2675 834 2735 Latine
858 2683 986 2754 exstant,
1014 2680 1126 2736 tametsi
1149 2679 1234 2754 longe

141 2766 296 2844 copiosiora
315 2763 346 2821 in
363 2762 530 2821 bibliotheca
552 2761 685 2820 Bavarica
705 2767 890 2820 asservantur.
932 2760 1030 2821 titulus
1051 2765 1091 2822 ita
1114 2783 1132 2821 a
1153 2763 1235 2822 lunio

141 2851 277 2910 formatus
291 2854 351 2926 est,
373 2849 487 2924 Georgii
503 2847 596 2906 Cadini
615 2849 680 2905 liber
703 2848 735 2906 de
751 2846 913 2926 officialibus
928 2848 1033 2926 palatii
1051 2848 1195 2928 cpolitaniv
1208 2853 1235 2906 et

141 2936 239 3014 offin‘ir
251 2953 363 3010 magnae
373 2934 503 2992 eeclen‘ae.
518 2951 584 2990 narn
598 2933 668 2990 alter
681 2931 788 3008 titulun,
803 2952 886 3008 quem
900 2952 933 2990 ex
946 2951 989 2990 ms
1003 2935 1125 3008 quodam
1139 2932 1233 2991 codice

140 3021 265 3098 adducit,
278 3037 391 3097 prorsus
401 3019 469 3075 nihil
482 3018 603 3074 adhunc
616 3017 715 3075 librum
728 3019 808 3077 facit:
823 3019 1004 3098 superficiei
1015 3019 1048 3081 ἐκ
1060 3024 1114 3097 τῆς
1126 3020 1233 3100 βίβλου
1249 3039 1272 3091 p
1289 3041 1340 3094 152

141 3109 198 3167 cori
221 3107 363 3185 χρονικοῦ
388 3102 456 3182 περὶ
479 3107 541 3162 τῶν
563 3107 695 3182 πατριῶν
717 3109 770 3180 τῆς
795 3099 1155 3176 Κωνσταντινουπόλεως,
1181 3103 1233 3165 καὶ

141 3186 239 3252 πόθεν
260 3179 374 3266 ἐκλήθη
394 3183 575 3261 Βυζάντιον,
598 3193 784 3248 συντεθεῖσαι
804 3184 885 3262 nopol
912 3190 1061 3270 Γεωργίου
1081 3189 1232 3249 Κωδίνου.
1289 3257 1292 3264 1

141 3276 226 3350 nihil,
245 3275 375 3349 iuquam,
389 3275 427 3330 ad
440 3273 515 3329 hunc
528 3271 618 3330 locum
632 3273 676 3330 hic
691 3273 788 3330 titulus
801 3274 884 3350 facit,
899 3274 965 3348 quia
979 3280 1023 3332 est
1035 3274 1107 3331 illius
1120 3273 1233 3332 alterius

141 3363 177 3420 de
198 3358 351 3435 originibus
373 3357 510 3435 Cpoleos,
531 3359 574 3416 cui
594 3359 676 3416 etiam
697 3358 732 3416 ab
750 3357 856 3416 editore
876 3364 952 3418 recte
974 3356 1150 3437 praeligitur,
1169 3359 1234 3416 licet
1293 3390 1295 3393 ·

140 3465 215 3522 non,
236 3450 269 3500 ut
282 3442 395 3518 lunius,
416 3447 476 3504 τῶν
490 3447 625 3522 πατριῶν
646 3448 752 3501 arceto
774 3439 898 3520 uesperi,
919 3444 970 3502 sed
984 3443 1080 3501 melius
1095 3449 1154 3506 cciv
1175 3468 1235 3504 nc·

140 3533 264 3606 rplava
285 3527 383 3607 plurali
403 3522 439 3586 roi
456 3523 565 3606 πάτρια
586 3523 667 3587 nobis
688 3527 832 3599 exhibeat3
856 3547 913 3604 quo
930 3526 1013 3586 titulo
1037 3529 1120 3586 etiam
1142 3529 1236 3606 Hesy-

140 3617 217 3675 chius
241 3613 368 3672 Mrlesius
386 3611 486 3670 librum
506 3614 631 3691 scripsit,
650 3614 698 3689 qui
720 3615 773 3673 iam
793 3612 923 3689 vulgatus
942 3620 995 3674 est.
1037 3619 1067 3672 et
1087 3619 1155 3672 nota
1168 3620 1235 3672 sunt

140 3721 174 3762 ex
198 3700 286 3759 Suida
313 3698 448 3774 Diogenis
473 3699 605 3776 Cyziceni
625 3696 662 3760 rol
690 3693 801 3780 πάτρια
823 3701 972 3774 Κυζίκου,
993 3719 1035 3759 res
1054 3703 1163 3779 patriae
1183 3717 1234 3757 seu

139 3791 253 3864 origines
266 3787 367 3863 Cyzici.
1151 3827 1153 3831 .

222 3871 262 3928 Et
283 3877 377 3928 tamen
399 3868 559 3926 suavissime
575 3875 698 3945 nugatur
715 3867 828 3945 Iunius,
850 3887 899 3926 eur
919 3867 989 3927 liber
1006 3868 1061 3927 iste
1082 3868 1119 3926 de
1139 3863 1237 3925 officiis

139 3959 334 4037 παρεκβολών
348 3953 563 4032 appellationem
573 3955 682 4030 tulerit,
695 3973 795 4030 nempe
810 3955 876 4031 qnod
892 3974 924 4012 ex
941 3956 1022 4028 libro,
1046 3957 1122 4011 cuius
1140 3955 1239 4008 inseri.

138 4047 195 4121 ptio
210 4049 247 4100 ert
268 4041 453 4118 Chronicum,
474 4045 609 4118 excerptus
625 4039 730 4119 fuerit;
757 4039 910 4098 chronicum
930 4041 978 4098 hoc
996 4039 1086 4117 fur'sre
1101 4035 1238 4115 publicum

137 4128 241 4204 palatii
251 4127 394 4205 cpolitani,
408 4131 437 4185 e'n
449 4125 518 4204 quod
527 4130 591 4183 acta
604 4125 774 4203 europalates
785 4125 941 4199 rettulerint,
956 4128 1102 4201 inquorum
1116 4119 1237 4178 custodio

140 4213 209 4271 idem
224 4233 323 4290 quoque
338 4213 402 4271 liber
412 4213 510 4292 suerit.
554 4211 679 4284 quidest
691 4229 781 4288 nugas
796 4225 896 4286 agere,
917 4211 941 4267 si
954 4209 1008 4266 hoc
1021 4223 1078 4263 non
1091 4202 1157 4261 est?
1173 4222 1237 4262 cum
1294 4245 1296 4250 -

139 4299 293 4378 epigraphe
305 4298 360 4358 ista
372 4318 431 4358 non
443 4299 481 4357 ad
494 4296 568 4354 huuc
582 4295 696 4374 librum,
718 4297 768 4354 sed
784 4295 821 4353 ad
836 4295 920 4352 alium
937 4295 974 4352 de
986 4277 1137 4368 originibus
1158 4287 1236 4367 Cpo-
