2744 4690
458 291 507 362 ln
527 288 677 362 contat
697 289 782 361 GAP.
803 291 884 361 XV.
1140 289 1214 364 als
1316 355 1320 360 .

116 454 158 510 ait
174 456 333 524 Gretrsrnrt
349 452 396 526 poi
411 460 502 510 sotum
518 454 605 508 babet.
621 453 721 524 profert
739 467 811 526 sem,
827 469 879 510 non
893 451 1038 518 inerudite,
1059 468 1099 506 me
1113 453 1216 538 quidem

115 525 222 590 iudice,
240 523 312 578 editis
329 524 448 594 operibus
463 523 513 578 iam
530 524 615 576 clerus
631 529 718 576 noster
734 523 885 578 Francircus
899 523 1028 576 Combefis
1040 522 1108 576 notis
1120 539 1146 576 ιο
1159 524 1217 578 liu·

119 594 226 648 ocmium
243 594 268 646 in
285 593 467 662 depositionem
484 609 565 646 zonae
581 591 684 660 virginis
701 591 821 661 deiparae
837 591 983 664 propediem
1000 593 1080 644 iucem
1097 599 1218 664 aspectu-

117 679 185 716 rum.
202 662 297 716 mentio
315 663 364 727 fic,
381 663 434 727 eit,
455 661 488 714 de
505 661 700 716 blachernarum
716 662 824 733 templo,
849 661 876 714 in
893 677 944 732 quo
961 660 1037 714 eliam
1061 668 1116 715 erat
1133 662 1217 732 portio

117 731 245 802 quaedam
261 730 329 784 illius
346 747 445 798 nouae,
466 729 540 785 simui
557 747 613 783 cum
629 729 757 796 vestibus,
774 735 805 783 ut
820 730 982 800 Nicephorur
1000 733 1032 784 18
1048 731 1082 784 38
1098 738 1218 792 testatur.

117 800 215 854 subdit.
235 800 336 870 potuit,
353 799 456 854 tametsi
472 806 528 854 erat
545 815 576 852 en
594 798 635 852 die
650 799 800 870 praecipuus
810 805 948 854 conventus
959 800 985 852 iu
1004 799 1218 869 Chaloopretaeir,

118 869 197 933 etiam
214 869 241 924 in
259 869 408 924 Blachernis
423 884 496 933 esse,
515 867 561 922 obi
575 885 623 926 nec
638 885 713 922 sacra
729 885 793 922 aona
809 869 925 934 deesset,
949 867 1084 922 coniuncta
1099 869 1135 922 illi
1152 869 1218 924 vesti

118 954 227 1004 sacrae,
244 938 451 1010 coniunctamque
470 936 576 1007 proinde
596 935 690 990 habens
713 937 858 1006 religionem
882 955 913 990 ao
936 937 1043 990 laudem.
1065 937 1092 989 iu
1115 937 1220 992 encomii

118 1007 202 1073 illius,
219 1007 288 1076 quod
307 1007 410 1074 evulgat
428 1012 455 1060 et
471 1007 621 1073 elucubrat,
639 1006 768 1076 prooemio
789 1007 883 1060 allatae
900 1006 1040 1060 sententiae
1056 1006 1157 1074 reperio
1174 1023 1218 1059 ar-

140 1082 266 1128 amentum
282 1074 322 1128 bis
339 1074 442 1129 verbis:
458 1069 526 1128 ὥστε
543 1069 582 1160 μὴ
597 1075 647 1143 τῆς
662 1071 749 1143 ζώνης
784 1072 868 1146 σ’νον,
889 1070 961 1129 dard
988 1071 1036 1128 καί
1058 1075 1108 1162 τῆς
1128 1074 1219 1142 τιμίας

119 1093 245 1212 istisne
261 1143 317 1198 τῶν
334 1139 454 1198 ἐπαίνων
473 1145 695 1212 σννεφαηαοθαι
711 1093 788 1214 (poll
804 1141 854 1199 ool
869 1139 923 1214 polo
945 1139 1034 1204 diluo
1056 1137 1117 1197 ουδ’
1137 1140 1219 1207 ὁσίως

122 1207 172 1266 orr’
190 1207 314 1280 αλλήλων
330 1212 419 1266 ταῦτα
435 1213 471 1286 τῇ
505 1208 578 1300 νήμη
603 1209 704 1266 διελεῖν
742 1207 801 1268 olii’
826 1208 915 1278 ὥσπερ
936 1207 1043 1282 ἀμφοῖν
1069 1208 1128 1281 ἅμα
1150 1214 1218 1282 χρῆν

122 1283 194 1336 σθαι
211 1275 348 1348 nodesola
366 1273 396 1334 lv
413 1231 587 1366 σαρκίζωην
602 1275 621 1351 ἡ
638 1249 808 1364 πανοίμσηιος
820 1279 990 1350 πιστεύεται,
1008 1275 1080 1335 οὕτω
1095 1282 1155 1334 δεῖν
1170 1278 1223 1334 καί

121 1347 197 1418 ἡμᾶς
214 1345 265 1402 οὐκ
284 1349 360 1416 idco,
376 1351 458 1420 κοινῇ
483 1345 515 1402 di
538 1367 589 1403 τον
608 1365 752 1414 πρεκοντα
775 1346 885 1413 τούτοις
904 1344 987 1405 αἶνον
1013 1344 1218 1418 ἒξνφάνασθαι.

122 1419 187 1472 alias
203 1433 328 1487 congruns
343 1417 457 1472 rationes
473 1419 565 1473 ibidem
585 1418 690 1472 deducit
705 1419 880 1478 encomiadtes.

206 1530 318 1592 Fascias
334 1531 520 1611 sepulchrales
540 1533 568 1592 b.
589 1533 704 1610 virginis
721 1533 847 1612 reposuit
860 1530 1005 1590 Pulcheria
1018 1531 1177 1610 imperatrix
1189 1529 1221 1592 in

28 1685 32 1702 ι
122 1615 229 1694 templo
249 1617 432 1694 Blachernio,
460 1623 534 1676 teste
554 1616 713 1696 Nicephcrc
730 1617 776 1676 lib.
795 1618 835 1681 14
853 1635 876 1676 ο.
896 1619 924 1680 2.
965 1617 1057 1675 fasciis
1077 1615 1221 1693 infantiae,

124 1703 226 1780 quibus
247 1703 378 1761 Christus
396 1703 489 1760 infans
505 1701 646 1761 involutus
667 1707 727 1780 est,
748 1701 896 1762 honoravit
914 1706 944 1760 et
964 1702 1074 1759 ornavit
1086 1701 1222 1779 ternplum

125 1791 188 1848 scio
211 1785 342 1867 ὁδηγῶν,
372 1792 406 1843 ut
433 1787 532 1846 eodem
554 1786 615 1846 loco
645 1787 720 1844 idem
745 1785 921 1864 nicephorus
940 1783 1042 1844 scribit.
1083 1785 1222 1844 Batonius

126 1876 195 1928 torm
217 1871 326 1932 lannc
348 1869 454 1929 Christi
474 1872 564 1952 primo
585 1892 614 1930 n.
635 1875 655 1934 8
677 1871 744 1935 dicit
757 1871 786 1929 in
799 1869 932 1930 honorem
940 1869 1098 1947 fasciarum,
1120 1871 1224 1944 quibus

127 1955 220 2013 infans
241 1954 382 2015 involutus
403 1961 464 2033 est,
486 1957 560 2016 diem
577 1957 680 2016 festum
700 1957 778 2035 apud
793 1955 916 2014 Graecos
934 1955 1093 2012 institutum
1105 1972 1166 2012 esse
1181 1957 1222 2018 31

127 2039 258 2117 Augusti.
300 2041 502 2117 Casaubonus,
529 2041 643 2102 Baronii
664 2040 852 2100 conducticias
882 2039 1078 2116 calumniator,
1107 2039 1175 2098 dicit
1194 2039 1226 2098 iu

127 2125 273 2186 ritualibus
298 2125 468 2186 Graecorum
486 2125 563 2184 libris
583 2126 651 2184 nihil
671 2125 767 2187 haberi
788 2127 824 2184 de
844 2127 917 2184 festo
933 2125 1034 2205 fasciis
1048 2125 1152 2201 dicato,
1172 2125 1225 2183 sed

128 2216 238 2272 tanturn
259 2230 355 2270 zonae.
397 2216 431 2269 ut
452 2211 483 2268 id
503 2211 544 2270 ita
561 2212 609 2289 sit,
630 2212 703 2270 diem
723 2219 818 2271 tamen
838 2209 913 2270 hunc
927 2209 1027 2290 fasciis
1048 2227 1160 2284 quoque
1177 2229 1224 2268 sa-

130 2314 206 2354 crum
229 2295 314 2356 fuisse
334 2299 476 2355 testantur
494 2295 549 2356 duo
571 2302 698 2356 auctores
728 2296 845 2373 Graeci,
873 2296 1029 2354 Germanus
1057 2301 1087 2354 et
1113 2295 1224 2370 Euthy*

130 2380 217 2455 mius,
248 2381 346 2456 quiin
368 2380 484 2439 Graecia
507 2381 686 2441 vberuntet
714 2381 886 2444 orationibus
909 2381 1123 2457 encomiasticis,
1154 2396 1228 2456 qnae

132 2469 243 2524 exstant
270 2467 347 2543 apud
381 2462 609 2546 Lippomanuum
633 2471 663 2524 et
690 2466 818 2544 Surium,
844 2467 946 2528 festum
966 2467 1021 2528 hoc
1047 2466 1230 2524 illustrarunt.

132 2551 233 2610 occinit
252 2549 411 2610 criminator
430 2571 481 2610 non
503 2569 556 2610 σιιι
575 2549 726 2610 credendum
742 2551 889 2631 Euthymio
910 2558 935 2612 el
950 2553 1087 2612 Germano.
1130 2555 1159 2608 et
1174 2567 1228 2608 nos

133 2636 290 2696 Genevensi
311 2655 345 2694 er
364 2634 454 2698 lustro
474 2636 637 2696 vociferanti
652 2635 820 2696 casaubono
838 2637 996 2697 credemus!
1038 2656 1087 2696 cur
1107 2654 1175 2711 ergo
1197 2635 1228 2692 in

131 2721 276 2780 ritualibus
294 2720 370 2779 libris
392 2720 468 2780 nulla
487 2719 615 2781 menlioi
656 2723 766 2802 opinor,
786 2721 852 2802 quia
872 2741 966 2784 sacrae
980 2720 1087 2800 fasciae
1105 2720 1170 2778 festi
1183 2737 1229 2780 sa-

132 2826 294 2866 massonae
311 2812 423 2866 tantum
438 2807 579 2886 appendix
599 2813 688 2867 eraut.

216 2947 246 3004 p.
265 2928 306 2990 82
318 2945 345 2985 v.
356 2924 385 2990 5.
413 2925 552 2985 dominica
573 2925 756 2986 orthodoxiae
776 2929 821 2985 est
841 2924 932 3006 prima
947 2924 1084 2984 dominica
1106 2923 1227 2998 quadra-

135 3011 270 3086 gesimae,
292 3015 325 3068 ut
348 3011 527 3070 manifestum
556 3018 601 3071 est
626 3031 689 3072 cum
710 3031 744 3071 ex
763 3010 824 3070 aliis
842 3011 1012 3070 Graecorum
1028 3007 1173 3068 ritualibus
1193 3005 1230 3064 li-

134 3093 209 3172 bris,
237 3099 297 3152 tum
320 3113 354 3154 ex
383 3093 492 3175 Typico
515 3097 545 3156 S.
567 3095 786 3175 Salaecae,
816 3096 893 3156 ouius
914 3096 1012 3156 titulus
1029 3100 1074 3154 est
1096 3087 1231 3166 διάταξις

136 3183 191 3254 τῆς
211 3172 330 3258 πρόπας
349 3185 496 3258 ”voconcio
516 3185 578 3245 noio
594 3181 689 3262 ἁγίων
710 3186 856 3260 νηστειοῖν
876 3177 944 3260 ἥκοι
965 3185 1018 3260 τῆς
1039 3175 1227 3258 beonetleog.

137 3263 227 3342 prima
246 3263 331 3321 verba
352 3264 451 3341 capitis
472 3265 541 3324 haec
560 3272 627 3326 sunt
645 3269 685 3351 τῇ
701 3270 830 3346 supremi
855 3270 909 3346 τῆς
935 3259 1120 3345 ὀρθοδοξίας.
1164 3280 1228 3320 cau-
1246 3265 1269 3320 Ρ
1285 3265 1335 3320 251

138 3367 198 3406 sam
220 3347 412 3425 appellationis
431 3349 513 3407 huius
534 3350 577 3408 ite
599 3349 737 3427 breviter,
767 3355 796 3409 et
824 3369 931 3408 summa
959 3367 1079 3424 sequens
1107 3347 1233 3424 vestigia,

139 3437 234 3491 narrat
253 3431 416 3491 Philotheus
436 3433 594 3513 patriarcha
612 3434 777 3513 Cpolitenus
796 3435 826 3492 in
847 3434 970 3494 Humilia
997 3434 1085 3512 prima
1114 3433 1234 3507 quadra-

139 3518 262 3596 gesimae
281 3517 418 3580 dominica
438 3519 571 3580 recitata:
600 3524 638 3604 ’τῇ
654 3523 783 3598 κυριακῇ
804 3515 896 3603 ταύτῃ
916 3518 968 3580 καί
986 3514 1088 3599 πρώτη
1104 3522 1165 3580 τοῖν
1179 3540 1234 3596 νη·

141 3606 245 3664 στειῶν
265 3599 288 3682 η
307 3606 363 3664 τοῦ
386 3607 519 3684 Χριστοῦ
539 3603 679 3684 ἐκκλησία
701 3583 848 3686 ἕορτοὶζιιν
869 3601 1017 3686 παρέλαβε
1044 3579 1101 3682 την
1136 3597 1234 3679 ὄρθο-

141 3689 244 3761 δσξίαν
274 3683 342 3766 ἤτοι
365 3681 421 3766 την
450 3683 656 3769 ἆναστήλασιν
684 3691 744 3752 τῶν
772 3693 887 3752 σεπτσῖν
908 3687 959 3751 καί
981 3688 1073 3772 doloro
1096 3683 1234 3762 εἰκόνων,

112 3799 113 3802 ’
140 3769 305 3854 γενομένην
326 3769 407 3855 παραὶ
428 3771 554 3854 Μιχαὴλ
571 3773 715 3853 βασιλέως
732 3773 783 3836 καί
808 3769 965 3855 Θεοδῶρας
984 3780 1038 3853 τῆς
1052 3772 1161 3837 τούτου
1176 3795 1235 3851 μη·

140 3852 209 3938 τριίς
229 3861 283 3936 τῆς
304 3859 452 3938 μακαρίας
476 3859 627 3938 βασιλίδος
647 3858 700 3922 καὶ
724 3864 780 3921 τοῦ
801 3857 889 3941 ἁγίου
910 3863 1073 3923 Μεθοδίου
1088 3853 1237 3934 πατριάρ-

25 3969 28 3976 *
142 3965 195 4022 χον
219 3938 573 4018 Κωνσναντινονπόλεως.
618 3943 720 4028 γέγονε
743 3939 768 4008 δ’
783 3940 888 4019 οὕτως.
930 3945 1061 4016 Λέοντος
1075 3933 1237 4006 cori’ioori-

144 4051 198 4107 ρον
219 4022 295 4089 κοινοί
317 4022 528 4108 παραχώρησον
549 4035 629 4094 decri
649 4027 685 4093 roi
708 4033 842 4112 σκῆπτρα
867 4033 921 4110 τῆς
951 4031 1099 4113 βασιλείας
1127 4019 1239 4106 κρατή-

145 4129 251 4185 σαντος
278 4110 301 4192 η’
328 4117 383 4191 της
412 4113 618 4194 είκονοριαχίας
640 4113 750 4196 ἤρξατο
775 4115 827 4180 καί
853 4111 1091 4194 ἐπαρρησιάσατο
1117 4112 1238 4190 αἵρεσις.

145 4193 259 4258 ἐκείνου
281 4193 314 4260 δὲ
334 4194 368 4262 od
389 4199 443 4278 ζῆν
463 4195 810 4305 aoado’dnoppriiovroe
831 4199 980 4264 ὅέκείνοιι
1000 4195 1064 4271 cide
1079 4201 1240 4258 Κωνσταν·

715 4287 722 4310 i

146 4278 257 4356 ιῐνοςὸ
272 4277 481 4369 Κοπρσίννμσς
494 4309 547 4368 της
562 4309 656 4370 αρηης
675 4310 727 4351 και
735 4310 797 4369 Ιτης
812 4285 952 4371 αἱρέσεως
965 4278 1102 4365 διάδοχος
1115 4282 1237 4367 γίνεται·
