2798 4690
486 261 912 387 mconuucnrmuj
1166 283 1241 358 orn

213 447 249 508 ib.
265 462 293 508 r.
307 448 348 504 12.
371 445 423 532 τῆς
440 441 594 518 olppnmloo
615 442 787 516 tormen]
810 447 929 518 voluptu
944 443 1038 520 quem
1055 444 1239 518 quantumlibet

146 516 264 584 ptudiorn
282 517 307 570 in
326 516 437 586 vigilius,
455 533 518 586 quor
534 515 705 585 παννυχίδας
723 523 831 581 vocent,
855 517 938 570 luxum
963 515 1076 588 qnnerit,
1099 513 1241 585 dequibus

147 585 319 640 Simoenttn8
345 587 392 640 13:
417 581 538 670 nnivpdec
559 586 626 654 γοῦν
652 590 712 647 τοῖς
732 577 870 654 ἐγχωρίοις
894 579 940 639 ἐπὶ
962 589 1022 647 τοῖς
1038 579 1241 653 λελοχευμὲνοιρ

146 655 274 716 παιδίοις
291 646 444 726 ἓβδομαίαν
460 671 560 722 αγουσι
583 648 635 722 τὴν
651 648 758 720 ἡμέραν
782 655 940 722 συμποσίων
962 645 1072 718 ἑορταῖς
1093 669 1239 734 reconno-

144 723 314 806 νυχίζεσδαι.
332 723 586 844 δίίὲιυῐίοοξορυείίοι·
602 728 689 806 torpor
711 724 858 806 asperitatis
877 737 980 806 amour,
999 721 1027 775 in
1046 720 1146 841 Cingam
1157 729 1240 804 morte

145 796 1023 930 11111111.1111111111·111111111131111
1046 798 1150 911 „tlt
1165 799 1242 912 llll

146 929 256 993 fratrer,
273 929 318 982 sed
335 936 363 980 et
381 927 569 992 communioris,
586 928 694 981 devotae
710 935 794 981 tomen
807 929 874 982 vitoe
886 945 979 998 prnece
998 935 1066 980 tores
1077 927 1129 978 suin
1140 925 1241 997 scriptio

146 997 285 1050 celebrent.
302 997 478 1050 commendant
493 996 518 1048 in
536 997 679 1066 proecipnin
697 995 793 1050 Christi
809 996 901 1049 domini
921 1001 949 1049 et
972 945 1091 1065 deiparae
1107 995 1181 1049 lentio
1195 1013 1241 1048 co-

147 1067 291 1119 clerinrticn
307 1066 409 1135 cilicio,
427 1065 471 1118 nbi
493 1065 689 1133 frequentiorem
712 1067 811 1136 plebem
835 1067 868 1119 nd
893 1063 1062 1118 concinendnr
1085 1062 1126 1116 dei
1151 1063 1240 1118 nuno·
1270 1073 1275 1081 '

146 1141 298 1188 convocent.
319 1135 383 1188 bueo
403 1150 466 1188 vero
489 1129 630 1201 ἀγρυπνία
652 1134 838 1216 rur-norbo·
857 1134 923 1188 adeo
946 1134 1031 1216 cultu,
1055 1139 1084 1187 ut
1100 1129 1172 1216 κατὰ
1187 1129 1240 1186 τὸν

146 1221 229 1272 verny
249 1198 313 1256 ένον
328 1197 442 1271 καιρόν,
458 1200 526 1283 circe
543 1203 680 1258 reonudcm
696 1202 811 1257 nimirum
830 1203 873 1257 vel
895 1209 998 1256 tertiam
1015 1218 1031 1255 n
1051 1213 1164 1255 rorouno
1182 1219 1241 1254 cre·

146 1221 250 1392 punenii
265 1271 369 1334 borum,
385 1288 436 1324 uon
453 1277 533 1340 possut
549 1272 581 1324 nb
598 1271 751 1393 imperatore
766 1288 816 1324 non
834 1271 967 1326 celebrari,
991 1271 1023 1324 de
1039 1269 1079 1324 hir
1089 1269 1162 1324 fertio
1173 1271 1226 1338 vigi

158 1339 207 1393 atio
222 1345 318 1392 trnctnt
335 1340 440 1393 Allntins
456 1338 491 1392 do
506 1338 550 1390 lib.
583 1341 623 1394 Ec
647 1356 685 1396 er.
704 1341 806 1394 Graeco
827 1339 1008 1394 dissertatione
1025 1343 1049 1395 1.

230 1413 265 1471 ib.
289 1431 315 1470 v.
339 1414 386 1474 13.
421 1411 567 1471 duodecim
585 1414 641 1473 ista
660 1413 803 1489 evangelio
825 1419 905 1470 erant
930 1417 1026 1490 parter
1050 1415 1239 1485 etquattuor

146 1495 323 1573 evangelistis
342 1498 522 1575 desumptae,
546 1500 580 1554 nt
597 1498 711 1578 planum
734 1499 768 1557 fit
788 1515 822 1556 ex
844 1497 1014 1556 Graecorum
1037 1494 1170 1572 Triodio‚
1191 1495 1239 1554 ubi

146 1581 292 1640 duodecim
305 1582 361 1639 ista
373 1581 517 1659 evangelia
531 1581 628 1642 ordine
649 1588 861 1660 enumerantur,
888 1582 1021 1641 adiuncto
1041 1579 1239 1658 evangelistae,

146 1685 181 1726 ex
199 1684 256 1742 qun
272 1665 418 1740 quodlibet
435 1669 613 1744 desumptum
633 1672 694 1743 est,
720 1668 839 1726 nomine.
880 1666 976 1740 itaque
997 1665 1065 1723 nihil
1084 1664 1153 1723 haec
1167 1667 1239 1723 duo-

146 1751 236 1810 decim
255 1750 460 1827 erangeliorum
477 1748 560 1808 lectio
582 1750 619 1809 nd
642 1752 718 1809 illam
741 1755 875 1826 quattuor
892 1749 1096 1826 evangeliorum
1113 1768 1163 1807 seu
1181 1751 1239 1810 rori

146 1835 421 1916 τετραευαγγελίου,
437 1838 471 1893 ut
484 1853 518 1893 ex
531 1833 612 1893 dictis
625 1836 801 1914 perspicuum
814 1834 993 1909 relinquitur„
1027 1834 1129 1894 falsum
1143 1837 1238 1893 nutem

146 1924 191 1979 est
209 1919 355 1978 duodecim
368 1919 437 1978 haec
450 1918 593 1994 evangelia
606 1925 707 1994 qnater
720 1921 750 1978 in
762 1937 836 1980 enno
848 1919 921 1978 lecte
933 1936 1005 1994 esse,
1019 1923 1051 1977 nt
1065 1917 1132 1976 dicit
1142 1918 1238 1976 Meur-

145 2005 213 2063 nius.
253 2003 339 2062 semel
354 2005 384 2062 in
404 2003 572 2062 anno-lecta
589 2010 673 2082 sunt,
699 2023 757 2063 non
778 2009 895 2081 quater,
923 2022 1025 2082 nempe
1045 2021 1148 2080 magna
1169 2002 1238 2063 scrin

147 2089 247 2167 quinte
260 2089 289 2147 in
303 2088 394 2148 officio
406 2089 515 2167 vigiliae
535 2107 588 2166 pro
606 2090 680 2148 festo
698 2107 864 2168 parnecenes
885 2089 1038 2147 institutae
1079 2093 1181 2146 testem
1198 2088 1238 2145 do

145 2176 238 2254 ipsum
254 2174 394 2233 Codinnm
417 2181 448 2233 et
470 2172 623 2232 Triodium.
665 2193 717 2231 nec
739 2180 815 2232 recte
833 2172 972 2252 Meursius
992 2173 1047 2231 huc
1064 2174 1184 2232 advocat
1199 2172 1240 2230 le·
1299 2249 1301 2254 ,

91 2307 92 2312 ,
146 2260 268 2318 ctionem
289 2257 435 2316 duodecim
456 2257 605 2317 lectionum
630 2276 664 2316 ex
687 2257 837 2328 Anastasio
858 2264 889 2318 et
910 2259 1052 2318 Beruone:
1084 2257 1238 2333 loquuntur
1255 2255 1278 2312 P
1295 2255 1348 2314 2³6

146 2345 221 2404 enim
243 2345 288 2402 de
301 2343 446 2402 duodecim
466 2342 629 2403 lectionibus
649 2343 679 2401 in
699 2346 821 2420 angariis
839 2362 890 2402 seu
910 2349 1044 2419 quattuor
1066 2343 1240 2422 temporibus

146 2428 259 2487 recitari
280 2429 429 2487 consuetis.
471 2432 502 2486 ct
524 2427 650 2486 Codinus
671 2429 732 2504 agit
751 2429 952 2488 deduodecim
971 2428 1136 2506 evangeliis,
1165 2447 1241 2504 qune

148 2514 248 2590 quinte
264 2514 334 2571 seria
353 2511 465 2571 maioris
484 2511 665 2572 hebdomadis
685 2513 715 2571 in
732 2513 826 2573 officio
843 2514 953 2592 vigiliae
972 2513 1146 2590 legebantur.
1187 2533 1241 2572 nec
1322 2517 1324 2520 ’

104 2609 106 2616 ’
149 2598 296 2656 duodecim
321 2595 384 2656 illae
404 2596 553 2675 lectiones,
585 2614 654 2672 ques
678 2615 717 2656 exv
733 2595 884 2658 Anastasio
905 2605 936 2658 et
958 2598 1087 2669 Bernone
1110 2597 1241 2676 producit

146 2679 302 2759 Mennim,
321 2683 352 2738 iu
370 2682 490 2761 angariis
513 2700 548 2739 ex
565 2680 709 2758 evangelio
729 2684 925 2762 sumebantur,
944 2685 996 2743 red
1017 2702 1051 2741 ex
1063 2682 1194 2743 Mosaicis
1208 2689 1240 2744 et

145 2767 317 2850 propheticis
330 2765 423 2846 libris,
451 2772 484 2826 ut
497 2771 528 2825 et
540 2765 624 2825 hodie
636 2767 811 2844 angariarum
824 2768 956 2828 lectiones
971 2769 1096 2846 quinque
1114 2785 1148 2825 ex
1171 2763 1240 2846 pr'o-

146 2852 249 2932 phetiis
264 2856 408 2932 petuntur.
449 2868 533 2927 qnam
547 2852 677 2931 apposite
689 2870 756 2910 vero
769 2854 806 2912 ad
819 2853 977 2930 evangelia,
997 2872 1070 2929 qnae
1082 2850 1238 2910 recitabun-

147 2939 241 2996 turin
266 2936 397 3014 ecclesia,
424 2937 615 2996 accommodat
633 2935 772 2996 Meursius
793 2937 862 3000 illud
883 2937 984 2996 Iridori
1001 2937 1158 2997 Pelusiotae
1176 2935 1237 3001 ln

81 3021 86 3030 ’
146 3014 193 3099 ep.
217 3020 294 3099 160,
314 3022 362 3079 ubi
378 3021 418 3079 ait
429 3019 604 3124 phylacteria
617 3020 785 3090 Iudaeorum
801 3023 887 3082 fuisse
905 3023 1002 3086 δελτίον
1023 3018 1131 3104 μικρά,
1158 3015 1236 3100 ὅπερ

148 3099 281 3186 ἐφόρουν
302 3105 411 3168 nitrio
434 3105 584 3166 Ιουδυίυν
601 3107 771 3187 καθηγηταί
792 3103 891 3188 ὥσπερ
911 3111 971 3181 νῦν
989 3106 1024 3167 ori
1039 3112 1178 3188 γυναῖκες
1197 3101 1236 3167 νδ

150 3182 305 3271 odonam
318 3183 355 3249 roi
371 3181 472 3267 μικροί.
513 3188 664 3248 arbitratur
682 3210 769 3268 parve
790 3193 876 3251 nurse
896 3191 1040 3270 evangelie
1056 3191 1103 3250 illo
1118 3191 1234 3267 quaein

149 3273 254 3351 templo
267 3272 445 3349 legebantur:
465 3273 517 3330 sed
535 3276 598 3332 cnm
612 3280 674 3333 toto
690 3294 764 3334 nuno
776 3276 896 3354 plurima
908 3276 1052 3353 evangelia
1066 3275 1235 3354 legerentur,

148 3358 227 3417 hand
241 3373 330 3436 parvo
345 3357 399 3416 dici
419 3357 585 3434 potuissent.
625 3375 713 3435 parva
729 3361 814 3436 igitur
830 3363 960 3420 dicuntur
979 3359 1023 3418 vel
1045 3361 1111 3436 quin
1125 3360 1233 3421 initium

149 3443 232 3502 unius
245 3440 397 3518 evangelii,
417 3445 488 3517 putn
499 3441 530 3499 S.
543 3440 671 3517 Ioannis,
691 3442 735 3499 vel
756 3445 878 3504 omnium
896 3449 1031 3520 quattuor
1049 3445 1234 3522 evangelista-

148 3547 212 3588 rum
230 3527 344 3587 exordin
362 3524 557 3603 continebant,
582 3525 813 3606 ferebanturque,
843 3534 876 3586 ut
899 3535 928 3587 et
952 3529 1035 3588 lindie
1061 3531 1233 3608 evangelium

147 3615 179 3673 S.
192 3612 322 3687 loannis,
342 3610 523 3669 amrdetornm
534 3611 594 3670 vice
606 3612 778 3688 potissimum
797 3633 815 3673 n
833 3613 949 3672 feminis.
989 3615 1053 3672 vide
1074 3632 1146 3690 quae
1166 3617 1233 3675 scri·

147 3698 334 3779 primurtom.
353 3694 799 3763 1desanctacruee1.2c29.
840 3699 892 3756 sed
913 3704 947 3758 tut
966 3697 1030 3759 hinc
1049 3703 1163 3760 tandem
1180 3702 1232 3764 ab

94 3817 100 3854 ·:
148 3801 228 3860 enm,
248 3776 340 3843 ου’δὲν
357 3777 439 3860 ὑγιές
455 3779 484 3838 in
498 3779 631 3839 Glossarii
645 3781 788 3858 evangelio
805 3782 896 3842 inesse
910 3785 1026 3863 reperio.

215 3863 280 3917 ibid.
312 3855 349 3916 roi
370 3858 479 3914 δώδεκα
498 3856 654 3932 εὖαργέίια]
678 3863 783 3916 exbibet
805 3864 960 3918 Graecorum
985 3859 1231 3934 rdoeyprlmripror,

13 3980 15 3992 ‚
96 3938 99 3944 '
148 3947 297 4002 omnemque
307 3936 470 3999 eanannor
485 3929 611 3998 evangelii
621 3930 786 4000 rcriptoribur
793 3933 921 4056 parrionis
936 3933 1064 3988 historiam
1083 3933 1171 3988 ordine
1188 3933 1234 3985 de-

148 4007 260 4070 cerptum
288 3999 495 4067 concorditerque
525 4015 662 4052 connexum
690 4017 793 4072 compre
810 3997 920 4058 enduntr
949 4001 1149 4073 unumquodque.
1167 4017 1231 4056 vern

147 4071 241 4140 τμῆμα
256 4074 297 4124 ert
311 4069 431 4122 historice
447 4066 571 4137 parrionis
586 4068 732 4122 dominicne.

453 4132 461 4154 Ι
641 4135 648 4150 o

217 4139 253 4191 ib.
267 4155 294 4193 r.
309 4139 349 4192 14.
366 4138 485 4206 λαμπας]
500 4137 593 4190 nullum
616 4137 682 4189 nlrud
702 4137 770 4192 inter
789 4134 925 4207 Ιαμποίδα
942 4143 970 4193 ot
990 4103 1077 4206 κηρόν
1098 4135 1231 4190 discrimen

148 4221 224 4290 qprm
239 4207 307 4262 inter
320 4223 474 4290 communem
493 4205 652 4260 etmniorom
669 4212 774 4289 arteque
783 4208 955 4290 ‘exquisitiore
970 4213 1094 4277 comptum
1114 4221 1214 4260 cereum
1221 4223 1236 4269 r,

15 4283 17 4314 ²
147 4277 192 4338 luc
205 4283 366 4348 imperatori,
375 4277 442 4334 nitor
459 4276 597 4334 aureorum
611 4275 703 4332 turben
719 4275 883 4334 mummium
