2822 4684
532 267 577 338 ῙΝ
595 271 744 340 cominu
762 274 847 345 cui.
864 275 922 344 111.
1200 285 1272 354 223

172 433 275 511 τὲντνς
287 433 362 500 κατὰ
376 431 409 500 ed
426 438 524 518 σχῆμα
543 440 606 500 coiri
622 430 761 524 Ἀβᾶροον
777 433 800 524 ἢ
821 439 965 528 Τούσκων
978 433 1139 530 postiam,
1160 441 1204 514 boi
1219 449 1272 522 sici
1329 457 1331 464 ’

170 520 286 603 πομποὶ
298 521 350 586 καὶ
365 518 516 605 χρειώδεις
530 523 618 589 εἰσίν.

241 655 266 707 p.
278 634 310 692 13
325 657 350 692 v.
362 640 390 692 9.
406 637 458 692 τοῦ
468 633 590 710 scriptino]
609 655 659 690 iion
677 639 814 709 quemlibet
829 643 943 708 nodam,
967 643 1015 698 vel¹
1027 662 1082 699 eum
1099 647 1195 712 soluin,
1218 666 1271 701 vox

170 704 275 790 κόνβος
299 707 498 790 menti-obiicit.
513 777 520 792 ι
538 708 580 760 hic
601 723 663 761 vero
692 708 770 761 solius
792 711 973 781 imperatoriae
996 731 1116 769 coronae·
1130 735 1269 785 gemmeum

168 777 336 912 pqpqepiefpptl
346 783 496 878 eminentem
513 793 539 830 iu
557 793 589 830 ea
603 778 754 848 globulum,
772 795 824 849 quo
839 782 963 852 despotae
979 781 1062 853 pileus
1087 803 1138 840 uon
1162 787 1270 856 insigui-

253 952 317 1012 iiia
328 951 402 1012 Illud
411 945 489 1029 retiis
498 954 559 1014 cois
569 952 719 1027 φοινίκων
729 972 778 1014 seu
791 954 952 1030 φοινικίων
959 958 1044 1015 vertit
1051 957 1147 1020 Iunius
1156 967 1270 1040 exceptis
1299 955 1300 958 ¹

169 1040 283 1112 taeniis,
304 1044 333 1096 et
349 1039 378 1096 in
396 1037 506 1095 scholiis
521 1038 661 1116 explicans
678 1039 746 1114 quid
763 1040 821 1098 sint
842 1041 966 1118 taeniae,
986 1044 1027 1101 ait
1042 1062 1104 1102 esse
1121 1050 1206 1106 uittae
1222 1051 1267 1106 ob·
1284 1059 1307 1114 Ρ
1326 1061 1378 1116 194

171 1123 280 1200 longos,
305 1125 398 1201 quibus
412 1128 539 1201 tanquam
552 1125 616 1182 loris
629 1129 722 1201 partes
732 1129 816 1202 apicii
833 1130 1021 1187 commisceat
1036 1135 1145 1190 suturae
1155 1133 1269 1193 obtectae
1337 1125 1345 1142 ”

170 1215 242 1270 sunt.
266 1229 320 1286 ego
333 1215 362 1267 et
377 1207 465 1268 hicet
479 1208 551 1267 infra
568 1208 642 1266 malo
649 1209 787 1287 palmulis.
806 1211 884 1289 apud
897 1211 1087 1292 Capitolinum
1101 1216 1130 1276 in
1146 1217 1267 1278 Gordia-

154 1294 213 1351 nis
224 1299 269 1352 est
276 1295 397 1374 potmoto
407 1289 500 1376 lunico
513 1300 543 1352 et
554 1299 617 1370 toga
624 1299 710 1372 picto.
1080 1312 1085 1322 ’
1151 1299 1154 1306 ’

235 1409 299 1468 ibid.
334 1409 448 1472 fructus,
465 1425 516 1462 nori
532 1408 596 1461 tolia
611 1410 777 1478 palmorum,
794 1407 820 1460 iii
838 1408 887 1461 hac
904 1408 1015 1465 dictione
1026 1413 1138 1483 legendi.
1173 1417 1266 1486 dacty-

167 1478 206 1532 los
223 1477 343 1530 hodierna
360 1477 474 1531 Graecia
489 1484 569 1530 vocat
585 1478 722 1545 φοινίκιαι
739 1477 776 1530 illi
794 1495 857 1530 vero
874 1478 902 1531 iu
918 1497 986 1533 uvae
1003 1499 1106 1551 morem,
1122 1489 1211 1552 grauis
1223 1495 1265 1540 ta·

167 1565 224 1600 men
241 1548 340 1616 longius
356 1547 451 1600 dissitis
466 1563 498 1599 ao
516 1563 590 1615 mage
624 1548 729 1611 eudulis,
748 1565 763 1599 e
779 1548 863 1600 trunci
880 1549 990 1614 vertice,
1009 1568 1059 1620 qua
1077 1553 1140 1606 rami
1156 1572 1266 1608 nascun-

147 1609 225 1680 Ἱππ,
250 1617 372 1686 pendent.
407 1617 440 1669 ab
465 1616 565 1669 arboris
588 1565 622 1668 ah
645 1615 805 1686 imperatoris
820 1616 945 1671 verticem
963 1621 1095 1675 translatis
1113 1625 1192 1677 oculis
1209 1643 1283 1678 serr
1363 1627 1365 1642 '

166 1691 220 1739 tum
238 1702 396 1751 gemmeum,
412 1685 504 1737 cassidi
521 1684 562 1737 vel
581 1685 635 1738 eiua
651 1685 778 1738 stemmati
795 1685 915 1750 eminens,
931 1687 975 1739 vel
992 1689 1025 1740 ad
1043 1691 1158 1744 dextram
1176 1709 1263 1748 aurem

166 1754 296 1807 volitantis
317 1755 398 1806 instar
415 1754 516 1822 plumae
532 1752 651 1818 affixum,
677 1751 806 1820 φοίνικας
830 1753 872 1804 vel
890 1756 1014 1820 φοινίκια
1029 1762 1171 1824 vocitabis,
1188 1765 1262 1831 quasi

165 1839 294 1889 gemmeos
310 1821 402 1892 capitia
419 1822 462 1874 vel
486 1838 597 1876 coronae
620 1822 716 1875 botros.
750 1821 788 1874 ita
811 1821 902 1874 scribit
927 1823 1054 1894 Georgius
1075 1829 1211 1886 Coracinus
1234 1832 1262 1886 id

164 1897 294 1945 testantur
311 1891 416 1960 antiqua
432 1891 592 1958 Graecorpm
607 1890 790 1959 imperatorum
805 1890 964 1946 numismata.

228 1997 314 2074 ibid.
357 1997 470 2078 ῥοῦχον
493 1992 551 2060 ’τοῦ
576 1993 723 2060 δεσπότου
745 1996 804 2054 sive
828 1995 952 2076 ῥοοχίον
969 2004 1013 2058 est
1027 2001 1165 2079 ipsissima
1190 2003 1263 2062 Ger-

164 2102 310 2142 manorum
336 2083 434 2142 vocula
467 2083 539 2142 rocla
590 2081 704 2143 Nicetes
738 2082 769 2140 in
790 2079 966 2142 ¹Andronico
992 2085 1011 2142 l.
1037 2093 1072 2150 2:
1107 2091 1262 2169 φοροῦντα

165 2171 276 2248 §cupos
298 2165 418 2247 σχιστὸν
438 2165 521 2250 μέχρι
540 2165 593 2229 καὶ
612 2172 674 2228 τοῖν
696 2162 842 2248 γονάτων.
883 2168 1040 2246 Helgaldus
1060 2173 1090 2230 iu
1110 2173 1168 2232 vita
1187 2176 1261 2252 regis

164 2254 295 2312 Roberti:
317 2273 458 2312 exuemcse
483 2257 635 2313 uestimento
647 2271 795 2332 perpaucae,
824 2251 892 2331 quod
918 2253 1013 2332 tingue
1038 2261 1141 2317 mistica
1161 2259 1260 2318 dicatio

164 2361 249 2401 rocus.
290 2339 356 2398 lu'nc
375 2340 459 2396 etiam
485 2339 617 2398 rochetum
639 2357 693 2396 vox
715 2339 826 2416 saepius
848 2338 929 2397 obvia
952 2339 1081 2400 inlibris
1105 2343 1262 2424 ritualibus,

146 2425 326 2508 ⁴praesertim
340 2423 484 2484 Romanis.
504 2424 572 2483 inde
590 2423 674 2483 etiam
695 2423 872 2508 ῥουχαρεῖον
894 2421 1066 2503 ammomum,
1087 2447 1142 2489 vox
1161 2437 1259 2490 nostro

162 2529 275 2588 quoque
289 2509 401 2569 Codino
415 2513 558 2590 usurpata.

229 2626 294 2679 ibid.
329 2624 453 2694 despotae
467 2617 579 2694 ’ᾆοῦχον
594 2605 740 2676 huiusmodi
764 2622 820 2678 sive
843 2617 970 2694 ΐμοὶτιον,
992 2631 1014 2679 sl
1030 2625 1191 2710 imperatorio
1208 2611 1269 2682 nou'

161 2694 282 2747 absimilis
298 2701 338 2746 est
354 2695 462 2758 turmae,
489 2689 590 2754 σάκκος
606 2693 633 2744 iu
651 2693 778 2746 secuturis
795 2693 910 2760 dicetur,
933 2695 1021 2748 tunica
1046 2697 1161 2750 nimirum
1176 2715 1191 2750 e
1208 2699 1258 2751 vil-

161 2764 215 2815 loso
232 2763 330 2827 serico,
356 2763 433 2815 nullis
449 2762 523 2832 plicis
541 2761 693 2831 conspicua,
719 2763 765 2816 sed
782 2763 851 2814 circa
866 2768 957 2832 pectus
975 2771 1002 2816 et
1017 2765 1116 2818 lumbos
1133 2767 1256 2836 strictior,

159 2833 237 2902 paulo
252 2832 330 2885 latior
346 2832 413 2884 circa
430 2831 525 2902 pedes,
543 2837 624 2884 totum
641 2845 734 2900 corpus
752 2832 874 2884 ambiens.
909 2839 938 2884 ut
950 2832 1037 2902 illam,
1055 2835 1127 2888 clade
1144 2835 1170 2888 in
1186 2836 1254 2890 bello

159 2909 281 2972 accepta,
306 2901 387 2953 tristis
410 2917 426 2952 e
449 2919 478 2953 se
495 2899 618 2954 abiecerit
634 2897 744 2954 loannes
760 2901 870 2971 despota
885 2899 1018 2956 Michaelis
1034 2903 1183 2974 Palaeologi
1200 2907 1256 2958 fra-

158 2977 211 3036 ter,
229 2978 320 3023 narrat
332 2971 465 3038 Gregorius
482 2970 498 3024 5
516 2970 565 3026 ult.

241 3061 277 3119 ib.
287 3077 313 3116 v.
330 3060 378 3122 10.
403 3059 487 3134 ῥίζας
503 3063 534 3116 et
548 3056 787 3140 aequanimius,
804 3057 1006 3140 interpretatur
1021 3059 1118 3120 Iunius
1141 3061 1255 3124 toci'oa'us

157 3149 187 3204 et
200 3144 333 3204 lunaticos
351 3144 488 3204 militares.

225 3241 290 3295 ibid.
314 3241 411 3307 regiain
437 3240 628 3309 Sandionyaiaci
650 3241 777 3295 abbatiam
801 3259 832 3294 eo
858 3242 909 3296 fine
935 3245 1066 3311 protectus
1091 3245 1121 3293 ut
1143 3241 1254 3298 Manuo-

155 3311 188 3364 lia
209 3309 371 3381 imperatoria
393 3310 507 3363 Helenes
532 3311 717 3378 imperatricis,
743 3311 847 3364 loannis
873 3312 973 3380 imperii
1000 3312 1130 3380 collegae,
1165 3303 1253 3367 Theo-

82 3383 89 3394 '
155 3379 211 3432 dori
233 3381 371 3449 despotae,
392 3379 531 3432 Andronici
554 3374 784 3432 etuavronotioo
803 3381 1014 3448 Palaeologorum
1038 3398 1069 3432 eo
1086 3395 1128 3431 ms
1140 3380 1167 3436 S.
1185 3382 1252 3434 Dio-

155 3447 224 3516 nysii
247 3464 366 3519 operum,
399 3448 467 3516 quod
491 3447 596 3500 Manuel
626 3448 773 3518 praedictus
795 3457 934 3501 coaetaneo
960 3450 1009 3502 sibi
1037 3448 1252 3508 Christianissimo

155 3519 311 3570 Francorum
327 3515 382 3584 regi
396 3516 517 3582 donavit,
536 3533 668 3637 expressas
685 3517 719 3569 ad
735 3517 822 3570 vivum
838 3517 954 3585 effigiei,
982 3518 1084 3584 vultus,
1110 3525 1253 3589 stemmata,

155 3595 258 3655 gestus,
284 3593 384 3649 restes,
405 3586 646 3651 vestiumcoorea,
669 3587 791 3650 turmam,
814 3593 959 3640 ornamenta
975 3588 1148 3656 conspicerem
1165 3596 1252 3642 atten-

137 3695 140 3702 .
155 3657 207 3711 tius
224 3663 250 3708 et
267 3655 446 3720 observarem,
469 3662 606 3725 perspecta
628 3655 732 3708 coccina
755 3654 879 3724 despotoe
896 3655 982 3708 tunica
998 3655 1128 3726 ligataque
1145 3657 1178 3709 ad
1197 3658 1251 3712 col·

120 3725 206 3796 ¹,lum
230 3724 342 3778 eiusdem
368 3725 463 3777 coloris
486 3724 635 3792 chlamyde,
658 3725 729 3777 cuius
753 3725 844 3777 dextra
866 3741 925 3792 pars
942 3725 968 3776 in
986 3725 1101 3778 dextrum
1118 3728 1250 3779 humarum

153 3793 310 3858 revolvitur,
332 3793 358 3846 in
375 3793 463 3846 tunica
480 3795 528 3861 (ea
544 3793 631 3846 talaris
645 3800 685 3846 est
703 3793 735 3846 ad
752 3793 822 3847 sacci
838 3794 950 3860 modum)
973 3811 1056 3846 ramos
1079 3811 1169 3848 aureos
1192 3794 1247 3848 ani-

154 3864 278 3916 madverti
295 3863 424 3933 depictos,
447 3863 655 3931 chlamydemque
677 3864 791 3930 Phrygio
809 3879 938 3932 aureoque
953 3879 1032 3932 opere
1048 3879 1189 3932 respersam
1207 3872 1249 3915 to-

153 3939 218 3998 tam,
244 3950 292 4002 par
308 3931 393 4003 spatia
427 3931 533 3984 uaedam
551 3933 579 3984 in
596 3934 683 3984 orbem
696 3932 786 3986 relicta
803 3933 948 4001 bicipitibus
965 3932 1056 4000 aquilis
1073 3949 1135 3984 auro
1154 3933 1250 4002 pariter

153 4003 281 4068 expressis
293 4002 319 4054 in
337 4018 369 4073 eq
384 3949 552 4070 fulgentibus.
587 4019 620 4056 an
637 4018 715 4054 aurea
732 4001 838 4054 ramalia
853 4003 971 4054 codicum
988 4001 1067 4052 instar
1081 4008 1247 4082 pernoctem,

151 4071 226 4123 nullis
245 4079 329 4124 tainen
346 4069 436 4139 aquilia
454 4075 585 4133 ornatam,
601 4071 733 4140 serpentia
750 4066 835 4140 ῥίζας,
853 4071 951 4138 aquilas
968 4086 1031 4120 vero
1050 4084 1179 4138 primaeva
1191 4069 1248 4120 Ro-

151 4155 281 4192 manorum
297 4141 379 4210 sigeio
395 4141 525 4192 militaria
541 4139 754 4207 ocoucqtotri'iiiu
770 4155 904 4201 vocarem,
928 4137 1020 4190 dubius
1042 4136 1147 4205 primum
1166 4137 1247 4191 haesi.

148 4224 224 4260 serisii
242 4209 382 4279 mentisque
398 4207 529 4263 dubietate
545 4223 626 4277 aeque
643 4209 720 4262 docto
736 4226 768 4262 ac
783 4208 844 4261 mihi
860 4206 982 4260 benevolo
1011 4205 1111 4272 Cyrillo
1134 4203 1246 4275 Campa·
1341 4225 1343 4230 ·

149 4293 199 4332 uae
215 4279 320 4336 Chieuai
334 4281 455 4348 detecta,
476 4277 580 4334 dubium
596 4279 642 4334 ille
659 4278 768 4350 probato
785 4293 862 4334 seusu
878 4274 986 4358 dqpulit.
1021 4282 1048 4328 tu
1065 4274 1161 4343 lector,
1185 4290 1245 4328 eru-
