2822 4684
190 241 261 316 ’188
345 245 554 314 GRETSERI
566 247 621 314 ET
641 245 773 314 Gonnl
787 247 1121 356 COMMENTARIUS

221 497 244 557 fi
270 403 512 558 napseqmnar,
532 413 700 476 domesticus
710 431 825 474 mensae
843 418 873 473 et
890 401 1048 495 praefectus
1060 431 1193 494 mensae,
1213 406 1284 478 satis

182 517 220 557 110
263 517 317 558 sun

255 597 310 662 p.9
325 613 353 650 v.
370 595 415 650 21.
439 597 626 666 praefecturam
644 613 676 650 ac
692 595 826 665 primatum
844 611 922 665 super
939 593 1051 649 eiusdem
1065 595 1160 650 ordinis
1171 597 1284 666 reliquos

185 669 288 718 constet
304 681 338 718 ex
355 663 430 718 dictis
446 663 563 736 superins
578 663 746 718 domesticum
767 664 864 718 sortiri.
897 679 949 732 qua
973 664 1006 717 de
1028 682 1107 720 causa
1129 667 1283 723 domesticus

183 750 303 800 mensae,
329 737 356 785 et
377 737 407 784 ut
432 735 567 802 Gregoras
584 734 601 786 8
619 735 637 788 7
658 735 751 796 babet,
774 727 791 786 d
814 733 866 786 τοῦ
890 731 1055 799 depectione
1078 735 1131 804 τῆς
1145 732 1283 804 τραπέζης

182 803 233 870 τῆς
258 801 401 871 βασιλικῆς
424 797 623 872 σεμνυνόμενος
645 796 801 872 ἐπικλήσει,
826 802 973 856 censebitur
994 803 1109 874 isquam
1125 805 1282 860 Pancirollas

181 870 210 923 in
227 870 339 936 uotidam
355 871 458 940 Imperii
475 871 626 926 Occidentis
646 889 670 925 c.
689 871 724 928 le
741 879 896 925 castrensem
911 871 979 924 sacri
1001 871 1092 941 palatii
1118 881 1212 938 vocet,
1237 874 1283 944 qui

181 955 293 992 mansam
314 939 434 1010 principis
451 948 477 995 et
493 947 575 994 totum
592 941 714 1011 palatium
737 946 825 1004 curat,
850 957 925 1009 quem
949 956 996 992 nos
1022 959 1150 1012 magnam
1173 944 1281 1012 hospitii

181 1011 357 1078 magistram,
381 1010 471 1077 regiae
488 1026 590 1062 mensae
607 1009 776 1064 structoribus
792 1009 965 1079 praepositum
982 1025 1013 1063 ac
1029 1009 1056 1062 iu
1073 1018 1188 1066 caeteros
1205 1018 1279 1066 aulae

182 1079 272 1148 regiae
289 1078 415 1132 ministros
432 1079 473 1132 ius
489 1085 664 1144 aucmentum,
680 1079 856 1148 conspicimus.

248 1183 274 1236 p.
293 1168 327 1218 10
342 1182 369 1217 v.
390 1165 414 1218 1.
432 1159 449 1218 ὁ
467 1157 513 1218 tei
530 1163 580 1233 τῆς
595 1159 741 1233 τραπέζης]
760 1163 804 1234 qni
819 1158 1029 1232 τραπεζοποιός,
1044 1180 1147 1218 neusse
1163 1167 1277 1218 abacto·

182 1249 237 1285 rem
263 1252 294 1288 ac
316 1231 477 1303 dapiferum,
500 1227 551 1287 τὸν
571 1233 620 1300 τῆς
641 1229 732 1300 πάσης
755 1229 818 1299 περὶ
842 1228 980 1298 συμπόσια
994 1233 1170 1303 παρασκευῆς
1186 1227 1278 1304 ἐπιμε-

138 1356 142 1368 ,
181 1299 334 1370 soloecon,
361 1319 394 1354 er
410 1303 540 1370 Hesychia
556 1301 730 1370 intelligimus3
756 1303 827 1354 mins
844 1301 926 1356 cilicii
940 1302 1033 1368 titolo,
1049 1303 1100 1355 iam
1117 1303 1278 1356 eConstau-

178 1373 225 1424 tini
243 1371 414 1441 temporibus,
433 1371 544 1426 Russiae
563 1370 701 1442 principem
717 1372 744 1424 in
761 1371 922 1440 imperatoris
939 1372 1035 1440 palatio
1052 1371 1167 1439 gavisum
1185 1379 1278 1426 auctor
1349 1386 1354 1394 ·
1394 1415 1395 1422 ,

162 1507 164 1512 Ι
181 1449 223 1492 est
241 1441 372 1508 Gregoras
388 1441 408 1501 i.
426 1443 452 1495 7.
488 1445 603 1494 atcerte
619 1457 684 1493 nnus
701 1447 742 1492 cst
757 1440 831 1492 testis
848 1440 893 1493 ubi
911 1440 964 1492 alte
981 1435 998 1492 d
1017 1435 1048 1494 dl
1064 1435 1197 1503 Ῥωσικὸς
1211 1437 1277 1511 rips-
1394 1427 1395 1448 ¹

178 1503 239 1577 poio
262 1505 314 1578 τήν
337 1525 367 1562 τε
391 1505 487 1563 στάσιν
509 1507 559 1562 καὶ
582 1503 615 1563 cd
639 1503 749 1575 ἀξίωμα
772 1509 824 1563 τοῦ
848 1502 895 1563 ἐπὶ
910 1509 961 1578 τῆς
975 1504 1113 1578 τραπέζης
1128 1506 1207 1578 παρὰ
1224 1510 1278 1564 coti

183 1573 304 1648 μεγάλου
322 1573 492 1646 κεκλήρωται
507 1579 730 1631 Κανσταυτίνου.

72 1681 93 1732 Ρ
115 1681 163 1734 191
264 1687 293 1748 p.
311 1668 350 1729 10
363 1685 390 1725 r.
404 1671 433 1729 2.
460 1663 583 1744 Magnus
599 1665 729 1745 pappias]
750 1666 869 1746 pappias
883 1665 1011 1726 absolute
1027 1671 1126 1745 pater,
1142 1673 1188 1726 est
1200 1666 1276 1726 idem

178 1745 374 1829 quodminus
395 1771 446 1812 seu
467 1747 602 1826 πάππος.
627 1750 769 1811 Palladius
788 1752 817 1810 in
834 1749 973 1812 Lausiaca
991 1753 1120 1812 Historia
1134 1753 1164 1812 in
1185 1751 1275 1812 Paulo

176 1837 316 1917 Simplici:
337 1835 389 1898 ccl
404 1831 550 1910 δύνοντος
563 1841 618 1897 τοῦ
635 1835 723 1914 ἡλίου
738 1836 814 1919 λέγει
836 1831 920 1922 crispi
938 1835 957 1901 o‘
975 1829 1153 1913 Ἀντώνιος,
1173 1841 1274 1900 παπία

174 1925 254 2004 (narn
278 1929 308 1982 et
330 1921 446 2000 simplici
465 1945 488 1984 π
509 1922 652 2000 scribitur)
673 1922 772 1994 θέλεις
792 1915 938 2003 φάγωμεν
959 1919 1052 2001 ἄρτον
1071 1918 1206 2006 etiope,-
1227 1923 1273 1984 hic

175 2028 279 2070 nomen
291 2009 432 2088 palatinae
450 2009 595 2086 dignitatis
610 2014 671 2085 est,
690 2007 726 2066 de
738 2026 795 2086 qua
812 2009 938 2067 Codinus
952 2009 1025 2068 infra
1038 2029 1061 2068 c.
1079 2009 1107 2072 5.

243 2105 464 2161 Abblandisntium
493 2111 521 2160 et
548 2106 741 2159 balbutientium
779 2123 929 2174 puerorum,
967 2110 1054 2177 patres
1091 2111 1119 2160 at
1156 2104 1271 2160 seniores

173 2175 370 2248 appellantium,
394 2193 447 2230 vox
471 2183 510 2228 est
531 2176 668 2236 παππίας.
702 2173 852 2228 Mustatbius
873 2175 901 2228 in
924 2175 1020 2228 Iliados
1045 2176 1077 2230 5:
1108 2169 1182 2230 acaci
1208 2171 1271 2245 βρέ-

173 2263 246 2313 φους
266 2241 462 2332 προσριοὸνησιν
487 2242 536 2298 καὶ
558 2239 631 2296 κατὰ
659 2237 915 2312 ἀναδιπλασιασμόν
953 2241 1065 2311 λέγομεν
1092 2239 1190 2305 πάντας
1219 2241 1270 2298 καὶ

172 2313 294 2382 caniac,
311 2331 398 2382 πατερ
411 2313 524 2366 nimirum
538 2312 605 2366 vice.
623 2311 666 2366 ille
689 2314 825 2366 monachus
842 2313 909 2382 apud
930 2313 1070 2366 Palladium
1093 2313 1121 2366 in
1138 2314 1269 2368 Lausiacis

171 2384 275 2436 blandae
293 2383 404 2452 παπία,
428 2377 521 2442 θέλεις
539 2377 671 2450 φάγομεν
688 2375 776 2445 ἄρτου
793 2378 916 2450 sicimam
936 2390 963 2434 et
977 2382 1020 2435 illc
1035 2383 1114 2435 alius:
1131 2382 1160 2436 τί
1175 2385 1271 2444 λυπεῖς

170 2450 220 2504 καὶ
236 2445 404 2519 ἄδημονεῖς,
420 2449 527 2516 monia,
554 2449 693 2520 apricatis
710 2450 826 2503 domibus
846 2459 874 2504 et
898 2451 1000 2504 familiis
1016 2451 1090 2506 aulae
1107 2451 1153 2505 GP
1168 2452 1269 2506 reddita

170 2519 303 2574 familiaris
319 2537 371 2574 vox
388 2520 465 2572 fidum
482 2528 510 2572 et
527 2520 651 2574 seniorem
669 2519 796 2587 significat
812 2519 968 2584 ministrum,
985 2519 1057 2572 cuius
1074 2521 1202 2573 custodiae
1220 2537 1268 2589 pa-

170 2589 261 2642 latium
278 2590 477 2643 committeretur
494 2596 521 2642 et
542 2588 686 2658 integritati
702 2589 787 2642 claves
810 2597 886 2642 noctu
904 2590 1065 2642 traderentur
1088 2589 1266 2644 asservandae.

171 2659 210 2712 ita
227 2677 268 2712 me
285 2666 371 2712 monet
388 2657 518 2728 Georgius
542 2658 664 2712 Ceresius
686 2657 713 2709 in
732 2657 879 2726 rescriptis3
905 2675 954 2711 neo
977 2665 1075 2711 temere
1099 2665 1145 2711 aut
1160 2659 1266 2726 ignarae

174 2728 336 2782 Constantini
353 2737 461 2796 namque
477 2728 605 2784 Manassis
623 2727 775 2781 auctoritate
798 2726 910 2784 fulcitur.
944 2721 1016 2792 πρὸς
1034 2723 1085 2781 τὸν
1107 2729 1162 2780 τῶν
1180 2727 1266 2780 οἴκων

171 2793 284 2864 φύλακα
300 2797 356 2850 τῶν
373 2791 403 2849 ἒν
421 2801 481 2857 τοῖς
496 2792 674 2865 ἀνακτόροις,
689 2795 796 2848 παπίαν
808 2791 921 2864 λέγομεν
935 2790 1022 2848 ateio
1031 2791 1104 2850 ansol
1119 2791 1266 2863 Ῥωμαίων

170 2867 302 2934 γλῶσσαν.
338 2865 411 2918 addit
431 2866 551 2918 Ceresius
576 2867 642 2920 idem
666 2866 738 2916 aulae
754 2865 852 2918 clericis
871 2864 1038 2934 palatinisque
1056 2865 1170 2918 ecclesiis
1185 2866 1265 2918 tuisse

169 2934 360 3004 praepositum,
376 2951 407 2986 ac
423 2940 582 3004 protopapae
599 2934 863 3003 (archipresbyterum
875 2933 1002 3001 intellige)
1014 2950 1190 3005 nonnunquam
1207 2949 1265 2986 ruu-

170 3019 234 3056 nere
258 3002 387 3055 donatum.
414 3003 533 3070 egregie:
558 3019 616 3056 nam
641 3009 667 3054 et
689 3019 737 3071 pro
763 3003 904 3055 huiusmodi
934 3003 1061 3056 sententia
1086 3004 1133 3056 bae
1156 3001 1265 3056 militant

171 3071 346 3126 auctoritates.
370 3069 463 3142 prima,
486 3072 574 3124 Irenes
594 3072 704 3123 devotae
726 3069 895 3138 imperatricis
918 3071 944 3122 in
969 3072 1036 3124 lecto
1054 3071 1117 3124 duas
1140 3070 1264 3138 imagines

169 3140 285 3210 repperit
300 3139 389 3210 impius
408 3139 501 3194 coniux
516 3140 571 3194 Leo
589 3139 745 3210 Ccprcnymi
756 3139 839 3201 tilius,
857 3139 894 3190 ait
911 3139 1056 3208 Cadmum,
1074 3157 1139 3211 quas
1155 3140 1264 3224 inquisi-

169 3210 241 3262 tione
265 3211 335 3262 iacta
360 3197 439 3273 coloso
465 3202 510 3264 ὅτι
538 3204 554 3262 ὁ
579 3208 686 3270 παπίας
709 3209 760 3261 τοῦ
783 3207 921 3261 maiorica
943 3203 1108 3278 εἰσεκόμισεν
1125 3205 1228 3278 αὐτας,
1245 3227 1263 3264 a

112 3333 114 3336 ,
170 3276 262 3332 clerico
280 3278 368 3347 utique
384 3278 461 3332 fidem
480 3285 506 3331 et
518 3279 609 3332 cultum
627 3277 776 3346 imaginibus
793 3285 930 3343 servente3
950 3278 1050 3342 altera,
1075 3279 1156 3331 Leoni
1173 3281 1262 3332 Arme-

168 3347 213 3400 nio
231 3365 317 3400 necem
333 3347 428 3400 illaturi
445 3347 578 3401 Michaelis
598 3347 672 3399 Balbi
689 3346 769 3410 socii,
793 3348 951 3400 sacerdotum
969 3347 1101 3400 ornatibus
1126 3347 1263 3418 assumptis

167 3417 336 3486 simulataque
352 3417 483 3485 religionis
500 3417 600 3488 specie,
618 3416 690 3468 simul
708 3433 764 3468 cum
788 3416 909 3486 palatinis
933 3416 1032 3468 clericis
1054 3415 1189 3469 matutinas
1204 3417 1262 3469 leu-

167 3487 213 3538 des
230 3487 254 3538 iu
273 3486 366 3556 palatio
385 3485 557 3541 decantaturis
574 3484 674 3539 admissi
698 3491 772 3538 sunt:
799 3487 838 3606 cll
856 3481 936 3538 νυκτὶ
961 3480 1159 3552 ὁπλισθέντες,
1180 3480 1262 3538 ἔνδο-

164 3550 272 3610 decoci
289 3555 337 3623 ξίφ
372 3557 538 3624 φοροῦντες,
554 3555 607 3608 τοῦ
623 3552 730 3607 manico
752 3548 806 3606 civo
820 3555 933 3620 ξαντσς,
960 3550 997 3615 ὡς
1019 3549 1050 3606 oi
1069 3549 1167 3622 ἱερεῖς,
1190 3549 1261 3623 μετὰ

165 3624 308 3692 φιλοινίαν
326 3575 468 3693 εῗσῆλθον.
492 3624 581 3694 papias
598 3623 699 3692 taque,
724 3639 771 3675 ceu
789 3641 834 3676 eos
851 3623 987 3676 admittere
1003 3624 1107 3686 subtus,
1123 3641 1155 3676 ex
1172 3639 1260 3677 eorum

163 3711 268 3747 numero
285 3695 336 3746 suit
353 3712 425 3747 unus.
444 3701 471 3746 at
495 3711 550 3746 cum
572 3692 666 3762 papiae
689 3691 813 3759 dignitate
838 3691 948 3763 promoti
972 3693 1055 3761 (quod
1077 3694 1151 3746 nefas
1175 3693 1260 3745 ecole-

163 3762 290 3827 siasticis‚
319 3770 349 3815 ut
366 3763 459 3834 optime
474 3762 577 3815 disserit
592 3766 662 3813 Anna
679 3760 825 3828 comnena)
847 3763 915 3814 acies
933 3761 1066 3814 eduxerint
1081 3760 1109 3812 in
1126 3761 1212 3814 hostes
1232 3768 1261 3814 et

163 3836 314 3901 frequenter
331 3848 388 3885 cum
405 3833 442 3885 eis
459 3847 547 3884 manus
565 3829 753 3897 conseruerint,
775 3833 872 3884 frustra
889 3830 957 3882 clero
975 3829 1142 3884 coniiciuntur
1155 3831 1259 3896 allecti5

162 3901 225 3970 quin
242 3917 258 3954 a
276 3901 344 3954 clero
362 3917 463 3970 quoque
480 3900 555 3954 abaci
571 3915 658 3952 sacras
674 3898 796 3966 imagines
810 3901 907 3952 inferre
925 3907 951 3951 et
967 3899 1055 3968 palatii
1073 3906 1164 3968 portas
1181 3900 1261 3952 cleri·

163 3972 215 4037 cis,
235 3986 286 4024 non
303 3969 406 4039 segnius
423 3987 497 4039 quam
513 3968 581 4039 ipsi,
597 3983 715 4020 reserare
732 3975 876 4039 potuerunt.
912 3968 1018 4021 clericus
1036 3969 1123 4037 itaque
1134 3968 1189 4020 sive
1200 3970 1259 4021 iue-

162 4038 198 4092 ric
215 4057 261 4092 seu
278 4041 354 4092 etiarn
371 4038 537 4093 ecclesiastici
556 4035 650 4090 ordinis
667 4038 761 4090 exsors
774 4053 967 4106 nonnunquam,
987 4039 1074 4090 clares
1092 4035 1180 4106 palatii
1189 4044 1259 4090 teste

162 4108 250 4161 baone
267 4111 439 4163 Grammatico
456 4123 517 4162 suae
534 4107 595 4159 fidei
613 4107 800 4166 commendatas
815 4107 906 4162 tenuit.
939 4107 988 4158 hcc
1005 4107 1060 4157 eius
1075 4107 1157 4158 verba
1168 4105 1257 4158 decla-

162 4184 223 4229 rant
238 4178 266 4230 in
282 4179 378 4232 Basilio
394 4177 549 4232 Macedone:
579 4171 595 4231 ὁ
617 4168 800 4244 'floccipendas
820 4169 974 4242 clcdpopoic
997 4169 1068 4240 πρὸς
1083 4168 1134 4228 τὸν
1146 4173 1258 4228 παπίαν

162 4240 212 4298 καὶ
228 4241 300 4315 ἄρας
314 4243 363 4304 ,ἀπ’
385 4241 472 4302 αὐτοῦ
487 4240 538 4310 τὰς
551 4247 624 4309 κλεῖς
640 4241 737 4314 βιαίας
752 4241 847 4316 ἤνοιξε
869 4243 909 4315 τῷ
932 4243 1077 4315 Βασιλεία·
1105 4239 1155 4298 καὶ
1177 4239 1257 4313 γενό-
