2782 4686
139 301 188 350 xrs
300 295 306 306 '
431 282 599 350 GOARUS
621 283 679 365 ,AD
705 279 1023 350 LECTOREM.',

136 487 167 542 et
184 480 214 561 si
233 478 347 558 quando
363 479 474 541 defectu
487 479 601 541 alicuius
623 485 709 544 uotae
727 479 912 558 laboraveris,
931 475 1036 558 lector,
1067 480 1106 542 ad
1121 499 1235 562 praece-

136 576 261 659 dentem,
282 581 678 662 quaeuiceseiusrupplebit,
698 601 815 644 recurre
1164 621 1169 629 ·

219 683 260 744 Et
288 702 325 744 ne
353 685 416 762 quis
442 690 525 764 putet
552 703 597 744 rue
621 685 690 744 duta
713 703 799 765 opera
823 681 949 744 Gretserl
971 697 1116 745 censorem
1140 663 1234 762 speie,

136 786 230 864 ipsum
247 785 321 844 inter
340 789 370 846 et
389 803 435 873 me
455 785 606 864 quemlibet
625 791 781 846 statuamus
800 783 949 864 arbitrum,
983 783 1034 861 qui
1064 784 1101 842 de
1120 782 1235 842 feliciori
1260 809 1261 814 ¹

135 893 231 949 textus
257 885 432 966 expositione
461 887 601 948 diiudicet
655 893 687 948 et
707 887 833 966 quamvis
852 886 883 944 in
902 885 1029 946 (iretseri
1048 886 1172 946 tuvoren
1191 886 1235 944 fe-

134 995 214 1051 retur
229 989 384 1066 sententie,
403 1007 462 1048 non
479 989 565 1053 debui
578 997 741 1070 perceptum
761 1010 779 1052 ιι
797 1006 843 1049 me
863 1005 966 1048 novum
979 1006 1093 1048 sensum
1109 993 1235 1070 praeter·

135 1092 267 1170 mittere,
298 1107 383 1170 quem
403 1089 453 1168 qui
476 1088 663 1152 Codinisnum
688 1099 796 1152 testum
826 1090 926 1169 legerit
945 1091 1140 1168 emendatum,
1173 1107 1233 1151 non

135 1195 247 1274 longius
261 1193 395 1273 requiret,
414 1211 478 1253 cum
499 1193 585 1254 ousiis
604 1193 696 1253 subsit
715 1193 896 1252 inversionis
916 1192 1048 1270 margine.

219 1297 323 1358 Parum
342 1314 427 1373 sene,
454 1293 520 1356 iicet
533 1293 674 1373 nonnihil,
693 1292 851 1374 splendoris
865 1293 977 1354 Codino
992 1289 1181 1368 contulissem,
1208 1293 1234 1350 si

135 1399 165 1462 in
190 1399 253 1460 solo
273 1405 353 1460 textu
379 1397 424 1456 vel
448 1398 507 1458 eim
529 1397 656 1456 versione
682 1397 857 1457 restituenda
883 1403 994 1476 ternpus
1021 1392 1233 1473 impendissem:

137 1500 237 1580 debui,
267 1503 345 1581 quod
365 1519 467 1580 operae
491 1501 611 1579 pretium
632 1505 694 1558 eret
716 1504 747 1558 et
771 1481 862 1578 operis
876 1499 931 1558 erit
946 1498 1052 1558 udlitus
1065 1499 1096 1554 et
1108 1493 1231 1556 oblecte-

135 1607 277 1682 mentum,
297 1607 330 1662 ut
348 1602 463 1682 ignotos
476 1603 659 1679 recentiorum
673 1597 845 1662 Graecorum
862 1616 969 1677 mores,
998 1597 1041 1658 ita
1058 1596 1232 1658 Codiruianae

135 1703 426 1765 dictionisabstrusos
440 1709 471 1762 et
483 1703 642 1764 reconditos
656 1712 759 1762 sensus
769 1700 918 1780 elucidare,
936 1699 1080 1778 catalogos
1095 1697 1132 1756 de
1145 1695 1232 1757 ecole-

134 1807 197 1868 siae'
213 1807 258 1870 vel
279 1807 376 1886 palatii
390 1805 564 1868 officialibus
579 1822 614 1864 ex
626 1802 734 1882 Regiae
755 1803 800 1864 vel
819 1804 934 1866 illustris
953 1801 1113 1862 liamrinae
1133 1798 1228 1860 biblio

135 1908 233 1970 thecae
251 1909 392 1968 codicibus
412 1927 471 1968 mss
488 1907 558 1968 alios
581 1925 616 1966 ac
635 1907 748 1982 omnino
768 1905 893 1966 diversos
907 1904 1046 1983 proferre,
1076 1902 1147 1964 ritus
1161 1901 1232 1962 istos

131 2011 210 2070 velut
227 2007 339 2088 regrdes
359 2009 440 2072 factis
459 2015 490 2068 et
512 2007 644 2090 exemplis
670 2008 852 2084 confirmare,
886 2005 923 2064 de
938 2021 1003 2066 men
1024 2003 1128 2064 referre
1143 2021 1233 2082 pauca

131 2111 177 2172 vel
198 2112 285 2172 ferme
307 2109 392 2187 nihil,
421 2129 440 2172 n
461 2127 507 2170 me
523 2109 612 2170 relata
630 2114 732 2169 cuncto
745 2107 791 2168 vel
806 2107 921 2168 Graecis
938 2103 1126 2184 scriptoribus
1139 2103 1215 2163 vel'‘
1197 2124 1231 2164 us

4 2273 6 2284 ,
133 2215 182 2292 qui
203 2215 268 2274 viva
289 2229 358 2274 voce
384 2212 540 2272 docrrerumt
565 2209 710 2270 ascribere.
752 2208 854 2286 quodsi
878 2206 946 2268 mibi
960 2205 1046 2268 iidem
1063 2225 1123 2268 nun
1147 2207 1232 2268 neiat
1268 2289 1270 2294 Α

128 2334 205 2393 ,queo
226 2316 286 2374 tide
312 2313 440 2374 laborare
465 2311 585 2370 Graecia
609 2310 811 2390 praesumitur,
823 2340 827 2363 ι
841 2309 866 2368 si
887 2325 980 2368 meum
1000 2309 1210 2370 testimonium
1201 2327 1232 2370 m

133 2416 320 2494 suspicionem
342 2413 448 2489 veniat,
469 2411 518 2489 qui
538 2411 598 2470 lieri
614 2417 711 2490 potest
731 2415 764 2472 ιιι
784 2415 843 2473 tem
859 2409 1085 2474 mitisssimus
1106 2410 1138 2474 iu
1153 2411 1231 2472 notis

133 2517 171 2575 ad
188 2515 298 2593 singula
318 2515 412 2592 cupita
430 2513 546 2577 adiectis
565 2514 727 2574 catervatim
744 2511 850 2592 prolati
873 2513 930 2574 fide
951 2517 1068 2591 meent,
1097 2518 1148 2575 cut
1168 2513 1232 2591 quis

134 2637 231 2678 eorum
250 2617 386 2696 suffragia
404 2616 523 2678 voluerit
544 2616 574 2676 in
595 2617 711 2677 dubium
721 2613 848 2676 ‘vocerei

217 2719 314 2780 Unum
339 2725 429 2781 restet
453 2719 531 2799 quod
554 2713 701 2796 moneam,
735 2694 855 2796 primuni
882 2721 967 2796 capnt
992 2716 1030 2776 de
1057 2714 1231 2778 officialibus

133 2839 252 2899 maguae
270 2821 400 2884 ecclesiae
413 2841 472 2883 non
488 2821 554 2882 mihi
570 2819 658 2881 videri
673 2820 783 2882 Codini.
822 2819 902 2880 mnis
920 2817 1076 2881 sententiae
1095 2819 1232 2880 rationem

134 2924 290 3002 subiungo,
317 2925 445 2986 uuuirum
460 2923 618 3000 catalogum
636 2923 666 2982 in
690 2943 748 3002 quo
764 2921 1067 3016 Offrduliumtuomine
1085 2937 1232 2984 recensen-

135 3032 198 3104 tur,
229 3046 247 3086 u
267 3025 379 3105 reliquis
401 3027 504 3088 Codini
528 3025 665 3104 capitibus
688 3026 800 3104 saepius
822 3025 853 3086 in
871 3022 970 3101 Regiis
989 3041 1047 3083 mss
1068 3022 1232 3084 distinctum

135 3128 264 3206 reperiri,
303 3133 334 3188 et
360 3129 502 3208 integrum
531 3147 604 3208 opus
626 3128 733 3206 alasque
754 3126 909 3210 cstplogo
900 3145 931 3186 ιιι
955 3143 1008 3186 sua
1030 3130 1109 3186 recto
1132 3125 1236 3185 ordine

135 3232 227 3310 capita
244 3233 349 3294 videre
359 3237 404 3293 est
420 3232 614 3309 distributum
642 3233 719 3310 qood
735 3232 791 3318 et
784 3229 837 3310 ipsi
858 3228 958 3308 quibus
974 3245 1042 3286 rusus
1054 3231 1098 3286 est
1112 3225 1230 3286 Gretse-

134 3353 182 3392 ιιι
202 3333 385 3412 comprobant
402 3336 522 3396 codices.
564 3355 628 3394 cum
646 3341 740 3395 tamen
763 3334 793 3392 in
808 3311 949 3392 Codinnni
963 3329 1130 3406 scriptorem
1147 3327 1231 3406 pieri·

133 3453 189 3513 que
210 3437 348 3514 ιιιειιιιι,
389 3437 458 3516 quin
487 3437 629 3497 (iodinum
652 3442 788 3514 agnoscat
813 3438 958 3514 parentem
985 3449 1045 3494 uon
1063 3428 1176 3492 invium
1190 3427 1231 3507 *)

132 3537 223 3600 alios-⁶
209 3538 438 3619 ipsompliores
455 3541 529 3601 inter
544 3547 629 3600 notas
644 3538 777 3616 adiungo.
818 3535 893 3615 ipses
913 3531 1231 3608 efiamnowutffllue
1271 3517 1278 3536 ¹
1387 3593 1388 3606 ,

133 3659 168 3710 nc
186 3642 242 3702 toti
260 3641 363 3704 Codini
379 3663 457 3722 operi
448 3643 544 3703 ιοΙιιί
556 3649 705 3719 connexus,
727 3643 761 3700 ut
781 3636 901 3698 auctoris
913 3636 1054 3698 meumes
1070 3638 1149 3695 textu
1168 3633 1230 3692 elus

134 3744 272 3822 expositio
292 3743 396 3804 nullum
413 3745 466 3805 tibi
486 3744 626 3822 relinquet
644 3743 737 3804 ammo
760 3741 939 3801 dubietatem.
980 3721 1122 3801 connum
1142 3735 1231 3818 igitur

132 3842 241 3922 plenius
263 3864 296 3904 ac
312 3846 422 3926 integre
441 3848 530 3926 magis
551 3847 730 3927 explanatum
747 3845 866 3928 suspice,
890 3849 919 3904 et
934 3838 1111 3934 iutegmrime
1131 3837 1200 3900 vele.

168 4047 195 4118 ⁸)
215 4053 250 4108 cf·
268 4057 390 4116 Gretser.
405 4069 572 4118 commentar.
591 4064 606 4116 1
625 4063 723 4118 iextr.

571 4329 777 4339 ψ
