2822 4684
491 321 539 389 nu
556 319 706 389 conrnr
733 317 816 387 cnr.
847 317 893 386 v.
973 295 1021 336 ‘³
1181 317 1256 408 uss

154 491 192 551 de
204 487 372 550 considerat.
389 505 412 546 e
428 489 459 564 7,
470 485 655 547 ubi-Vossius
670 487 812 564 mgncrti,
825 481 888 543 loeo
900 481 1033 562 migetse
1045 479 1172 543 lectionis
1186 493 1257 545 ron·

153 565 244 637 narii.
260 575 314 634 etsi
327 574 357 631 in
366 569 476 631 Latinis
490 576 637 651 amorii,
650 574 791 646 marturii,
803 573 939 630 means·
946 571 1033 630 lectio
1046 570 1132 629 etiam
1142 569 1257 628 defendi

153 661 263 742 possit,
284 660 351 734 quia
369 659 500 736 sagmarii
518 674 622 718 nomen
644 659 721 716 varie
739 655 810 716 varii
831 662 1017 735 corruperunt
1038 661 1069 715 et
1090 656 1129 714 ad
1148 655 1258 716 idiotis·

152 765 229 806 mum
244 765 327 804 suum
339 744 515 802 inflexcnmt.
535 741 601 803 hine
617 744 648 801 in
661 743 754 802 libello
771 743 809 800 de
821 741 960 802 miraculis
981 742 1012 802 S.
1041 737 1184 818 Udelrici,
1204 759 1258 802 nec

152 831 353 910 inelegantiet
365 829 435 888 satis
456 830 595 908 antiquo,
611 829 704 906 inquit
719 826 906 888 Casaubonus
921 828 952 886 in
969 825 1163 906 Lampridium
1182 827 1260 886 ottu-

152 917 240 976 lerunt
261 917 294 976 dc
312 935 374 976 cero
392 921 518 994 precntum
537 935 607 974 unus
618 915 705 995 sortes
720 915 871 976 rcumuu'ur
891 919 999 992 portare
1014 914 1111 991 potuit.
1144 910 1260 972 deducit

152 1002 227 1060 idem
241 1001 426 1068 casaubonus
441 1000 594 1077 sagmarios
609 1019 627 1058 a
641 1007 773 1078 sagmate,
785 1005 815 1058 et
827 1003 918 1070 recte;
940 1003 970 1057 et
982 1016 1077 1076 sagma
1093 996 1134 1054 ait
1151 1014 1214 1054 esse
1226 997 1259 1056 id

153 1087 223 1168 quod
236 1091 350 1146 iumento
362 1090 513 1164 imponitur,
534 1091 567 1144 nt
578 1085 683 1144 mollius
694 1087 813 1168 celottet
830 1088 887 1142 sine
899 1103 970 1143 noxa
982 1103 1043 1142 suu.
1056 1081 1148 1158 differt
1159 1093 1257 1158 sogrnu

152 1193 172 1232 c
186 1172 270 1230 sella:
292 1189 354 1230 nun
370 1189 467 1248 sagma
474 1175 579 1250 proprie
588 1176 627 1230 ert
640 1172 711 1250 quod
727 1171 850 1231 tumentis
868 1187 947 1228 onem
967 1167 1149 1228 termentum
1167 1171 1255 1246 impr·
1270 1171 1294 1226 P
1310 1173 1363 1229 206

153 1260 245 1326 nitur,·
265 1251 332 1314 relic
352 1275 476 1336 quorum
488 1261 535 1324 ert
548 1256 591 1315 oel
604 1256 717 1316 oliorum
737 1253 915 1324 animalium,
938 1253 1031 1333 purius
1046 1251 1120 1311 tomo
1143 1253 1256 1318 celitur.

153 1341 254 1399 dicitur
266 1342 351 1400 etiam
364 1335 442 1422 σαγή
453 1344 483 1399 et
492 1359 604 1418 cogunt,
619 1342 697 1416 quod
707 1339 846 1418 significat
859 1349 942 1397 omne
956 1339 1161 1418 operimentum
1176 1338 1256 1413 quod

151 1425 280 1484 iumentis
293 1427 453 1504 imponitur.
473 1427 537 1486 vide
551 1426 711 1486 Cescubon.
731 1427 768 1485 ad
781 1423 925 1502 Lamprid.
948 1423 996 1487 iol.
1016 1424 1088 1489 321.
1111 1424 1163 1482 ssd
1177 1425 1256 1501 prior

151 1511 317 1588 significatio
330 1512 425 1589 potior
439 1516 491 1570 est.
533 1511 634 1570 Graeci
647 1513 765 1570 flectunt
779 1504 878 1592 τάγμα
896 1509 954 1572 τοῦ
970 1503 1136 1588 σάγματος,
1157 1505 1254 1568 Latini

151 1615 246 1672 segma
259 1615 385 1674 ragnum·
408 1615 475 1677 prae
490 1603 610 1676 corrupte
621 1597 704 1674 uulgo
713 1597 812 1656 dicitur
824 1594 941 1670 culmus,
958 1595 1051 1670 inquit
1064 1593 1163 1654 Isidor.
1179 1594 1198 1655 l.
1209 1597 1254 1658 20

149 1679 272 1758 Etymol.

219 1776 284 1834 illd.
299 1771 475 1846 τζανγᾶριος]
499 1775 589 1829 Simon
614 1773 717 1830 Pontius
744 1791 801 1829 cum
826 1778 946 1830 suctores
970 1770 1099 1843 ττντεῦς,
1120 1770 1253 1828 oscend-

150 1861 216 1916 μσς,
247 1840 438 1913 ὑποδημάτων
467 1845 486 1899 d
525 1841 644 1931 ιονςγός.
679 1845 867 1913 calcedoniae,
896 1852 979 1900 sutor.
1013 1843 1083 1916 apud
1112 1843 1252 1912 Theopha-

151 1932 209 1968 nem
225 1913 252 1966 iu
267 1913 407 1967 lustinieno
424 1907 460 1967 cci
481 1933 497 1968 τ
514 1931 648 1984 oppeteret,
673 1915 796 1982 officinae
811 1915 934 1969 smoniae.
967 1929 1021 1966 rem
1038 1917 1119 1966 totam
1136 1913 1253 1984 protero,

85 2027 87 2034 .
151 1990 180 2036 et
195 1983 259 2036 elios
277 1983 303 2036 in
321 1982 410 2037 ordine
425 1984 612 2052 compositurus
629 1987 704 2036 extra
720 1983 823 2039 chorum
841 1983 916 2038 salto.
951 1981 1155 2051 conquerebatur
1168 1997 1251 2050 popu-

150 2051 192 2106 lus
207 2052 233 2105 in
249 2069 262 2106 s
296 2051 401 2104 otaculis
416 2068 502 2106 ocrem
518 2051 672 2123 imperatore
688 2050 721 2104 dc
737 2051 878 2121 calopodio
890 2049 1061 2106 cubiculario:
1078 2045 1252 2106 sanantem

151 2127 238 2175 eutem
269 2118 337 2192 qnod
354 2119 398 2172 ulii
414 2119 588 2174 netunddror
603 2120 782 2192 pronuntiant)
800 2129 889 2191 typum
907 2121 1065 2174 calcearium
1083 2117 1139 2172 sive
1157 2119 1252 2188 pedem

151 2191 287 2260 ligneum,
304 2205 355 2259 quo
371 2195 472 2244 sutores
488 2195 607 2256 utuntur,
624 2188 727 2246 indicat
761 2207 817 2244 cum
833 2207 897 2244 vero
914 2189 1083 2258 Calepodium
1101 2185 1251 2242 denomino

150 2276 203 2312 nou
220 2258 328 2311 auderet
344 2259 453 2329 populus
469 2257 573 2324 dicere,
589 2275 638 2311 nec
654 2275 683 2310 se
699 2275 857 2327 cognoscere
872 2257 1025 2312 internuntio
1042 2255 1192 2312 mandatore
1205 2273 1252 2310 re·

151 2326 290 2396 sponderet
305 2327 460 2397 imperator,
476 2327 628 2383 exclamavit
644 2328 766 2398 populusr
785 2325 800 2382 d
818 2328 991 2382 πλεονεκτῶν
1006 2344 1056 2398 με,
1082 2325 1247 2394 conscripse-

150 2413 212 2466 ocr,
228 2391 269 2458 εἰς
285 2390 321 2449 cci
337 2391 488 2464 ctuyycioru
503 2392 672 2466 εὑρίσκεται,
689 2395 870 2462 Καλοτόδιος
885 2397 1011 2456 nimirum.
1043 2390 1250 2451 vidclurtiuicui

150 2471 239 2522 aetate
253 2465 422 2536 imperatores
438 2465 488 2520 ism
504 2466 605 2536 mmgic
616 2481 685 2520 usos
766 2521 770 2526 ,

234 2569 300 2631 ibid.
337 2561 392 2644 coir
416 2564 596 2652 προκύψας.
627 2570 739 2631 dubitat
767 2567 907 2636 Meursius
926 2587 994 2630 num
1017 2569 1069 2628 viri
1098 2569 1192 2648 docti,
1221 2569 1253 2628 id

149 2661 195 2716 est
218 2653 332 2733 Iunius,
360 2650 515 2737 πρόκυψιν
541 2661 618 2716 recte
639 2661 752 2716 vertant
774 2661 924 2716 oratorium.
964 2655 989 2714 si
1014 2673 1074 2715 non
1093 2659 1170 2714 recte
1190 2673 1254 2714 ver-

150 2746 233 2818 tunt,
254 2761 304 2800 cur
320 2759 378 2800 non
388 2741 486 2800 melius
500 2742 570 2819 quid
587 2741 738 2821 suggeris?
758 2742 783 2800 si
807 2741 934 2802 voculam
950 2741 1041 2820 ipsam
1058 2740 1140 2800 nimis
1158 2759 1254 2817 gram-

151 2827 251 2886 matice
271 2845 391 2904 urgeas,
418 2823 575 2906 πρόκνψις
594 2847 653 2888 non
681 2833 727 2886 est
751 2829 920 2905 oratorium,
948 2827 1000 2886 sed
1026 2825 1105 2884 locus
1129 2823 1254 2886 emmenss

152 2913 224 2990 tior,
250 2914 327 2970 unde
349 2913 501 2990 imperator
524 2914 660 2992 eminere,
686 2913 846 2993 prospicere
873 2919 903 2972 et
926 2917 1106 2991 prospectare
1128 2929 1179 2970 scu
1200 2911 1253 2970 de-

151 3003 280 3076 spectare
299 3003 420 3075 poteret
448 2998 473 3056 si
490 3017 550 3058 rem
569 2999 661 3078 ipsam
680 2999 901 3075 consideremus,
921 2993 1141 3078 supinorum-est
1159 2996 1252 3056 sicto-

151 3087 236 3157 sium,
270 3084 337 3159 qnia
362 3083 439 3142 locus
475 3083 521 3143 ille
551 3083 612 3142 sine
642 3084 728 3142 dubio
762 3103 820 3142 non
848 3088 911 3144 eret
945 3101 980 3142 eo
1020 3081 1176 3141 destinatus
1215 3087 1250 3141 ut

152 3167 304 3245 imperator
317 3168 383 3226 inde
392 3173 503 3227 tantum
512 3171 695 3248 prospiceret,
710 3169 761 3226 sed
775 3173 808 3227 ut
821 3169 861 3227 rei
875 3168 984 3227 divinae
998 3173 1028 3226 et
1040 3167 1168 3246 precibus
1180 3184 1252 3242 quo-

154 3269 210 3326 que
222 3253 373 3310 fundendis
388 3271 503 3334 operam
517 3255 605 3313 daret
625 3257 701 3315 unde
713 3254 751 3316 ah
760 3253 886 3315 oratione
898 3253 952 3312 illic
967 3249 1028 3314 lieri
1041 3253 1125 3314 solita
1141 3255 1253 3314 aaron

150 3335 305 3418 appellatio
318 3336 381 3396 loeo
394 3339 519 3398 accessit.

221 3433 257 3487 it.
274 3451 303 3492 v.
328 3433 368 3490 14.
390 3431 521 3505 stuppeis]
544 3434 606 3506 quie
628 3448 758 3488 commune
780 3438 808 3488 ot
822 3435 877 3488 vile
888 3433 1054 3502 τζαγναρίου
1071 3449 1163 3488 nomen
1180 3433 1251 3504 opud

153 3505 288 3573 Graecos,
304 3499 435 3573 τζαγγάς,
460 3505 535 3574 quari
549 3503 666 3574 digniore
683 3503 785 3557 honoris
806 3504 880 3558 titulo
902 3504 1026 3569 donetur,
1051 3504 1164 3559 aulicus.
1175 3511 1251 3560 sutor

151 3579 268 3628 vocetur.
301 3589 333 3626 cn
349 3589 401 3626 nou
416 3574 481 3635 ficus
498 3591 600 3645 semper
614 3573 680 3626 ficus
697 3581 724 3626 et
741 3573 835 3644 scapha
849 3572 968 3643 scaphal

221 3671 620 3746 io.v.15.norcduoanov]a
637 3675 664 3728 ia
682 3691 716 3728 ou
741 3681 891 3729 commutato
913 3689 967 3728 vox
986 3672 1079 3736 πῶλος
1100 3673 1177 3727 alteri
1198 3673 1250 3728 ad·
1284 3722 1286 3726 .

151 3745 237 3800 iuncta
251 3743 424 3799 diminutivum
440 3745 500 3815 quid
516 3763 617 3818 semper
632 3749 720 3808 sonct;
736 3743 795 3797 hinc
811 3741 1006 3798 παιὸόπονλον
1019 3745 1171 3810 adolescens,
1182 3759 1250 3812 puer

151 3816 319 3882 honorosius,
351 3821 429 3884 prout
448 3816 564 3886 superius
584 3809 616 3870 τὸ
643 3807 816 3869 ἄετότονλον
837 3819 865 3867 ct
888 3807 1119 3870 uddmduoutcv
1132 3828 1248 3884 parcam

152 3887 287 3955 aquilum,
302 3901 416 3954 purum
432 3884 562 3940 dominum
578 3887 679 3940 reiemc
694 3883 789 3938 dictum
806 3889 854 3938 est.

234 3991 301 4051 idid.
328 3989 425 4070 Iunius
440 3991 510 4070 legit
533 3996 588 4054 sori
609 3990 780 4072 βεστιαρίον
812 3982 910 4066 ἐντός,
940 3993 970 4048 ct
997 3986 1062 4047 lruic
1084 4003 1155 4046 snae
1183 3984 1251 4044 scri

153 4081 254 4157 pturae
266 4077 336 4135 mira
351 4077 501 4155 phasmate
514 4077 691 4158 superstruit,
705 4076 884 4144 adverbum:
905 4076 1028 4135 verduni
1039 4072 1108 4150 quod
1123 4077 1162 4129 cst
1176 4073 1250 4130 inlus

151 4159 267 4241 (nempe
280 4163 310 4219 in
325 4163 439 4223 cerebro
449 4159 535 4244 Iunii)
556 4159 735 4222 stimonium
764 4167 795 4221 et
815 4181 881 4224 mox
900 4161 957 4220 tria
975 4160 1104 4218 outremer
1122 4154 1247 4235 adducit,

151 4251 306 4308 oceanum
320 4249 435 4327 proprie
449 4250 691 4328 detumescere,
712 4256 744 4306 et
752 4246 914 4314 vesficnum
929 4245 1021 4303 minus
1034 4241 1147 4321 proprie
1159 4261 1246 4320 capc-
1318 4249 1324 4266 ⁸

151 4336 233 4410 rios,
258 4338 291 4393 ct
307 4335 466 4399 vestiarum
480 4335 635 4400 undeinn
657 4333 771 4416 perui,
800 4349 852 4416 per
871 4329 1043 4406 muchresiu
1060 4343 1111 4388 seu
1126 4323 1244 4388 abusum
