2822 4684
485 268 532 344 llil
558 273 708 346 counit
736 275 820 347 CAP.
847 275 893 348 V.
999 337 1001 342 .

141 439 199 564 ἓξ
215 436 480 564 pupietppimessptun,
495 433 566 510 nard
583 438 634 510 erio
649 431 868 510 ioohoodommiu
885 433 1062 510 immutire,
1078 441 1107 495 ut
1121 437 1181 512 ipra
1191 439 1243 498 ita·

209 611 246 667 ih.
262 626 290 666 r.
308 611 351 666 18.
367 607 431 678 περὶ
447 610 504 666 triu
519 609 626 678 cuorus
643 604 773 664 Meurriar
790 607 898 664 erudita.

214 696 250 780 it.
268 712 295 778 a.
312 696 355 751 20.
370 694 587 778 sadottoeoiatov
603 697 779 764 autumo-ar,
795 696 942 752 domitam
960 711 1052 766 uranu,
1064 697 1190 768 ¹rrrrraige.
1217 696 1246 754 in

148 764 264 842 palatro,
280 763 309 816 rd
323 768 364 818 est
379 781 406 816 ru
423 781 500 818 areae
516 771 599 837 parte.
724 791 726 795 v

215 865 241 922 p.
253 849 326 903 lior.
338 849 366 903 7.
392 853 541 938 strpgulpm
557 847 706 936 mhfppinm
724 850 765 902 est
781 843 908 934 σᾶγιςμα.
943 847 999 902 Leo
1016 826 1248 906 Grammatiousin

149 913 909 1057 iilt¹t.l.i²‚⁰ti¹¹.÷.tttsst.“mitridatis
933 909 964 972 ‘⁷
979 920 1020 994 τῷ
1037 919 1182 991 ...ama
1197 919 1250 977 ‘⁰⁵

191 1097 193 1100 ’
233 1077 300 1137 ibid.
337 1075 539 1156 σκαπσνλίων]
561 1075 603 1136 ita
617 1073 838 1154 legendumloco
852 1074 925 1132 illius
942 1073 1123 1139 καπουλίων.
1267 1093 1290 1152 P
1308 1091 1361 1151 205

218 1167 484 1240 arianonorum]
511 1187 618 1239 sensas,
637 1172 687 1225 riou
709 1173 781 1226 vocis
805 1176 883 1226 sonhs
906 1173 1049 1227 renaudus.
1083 1171 1254 1233 aasentias

151 1243 252 1314 quidem
267 1241 375 1295 Latinae
388 1242 511 1309 scapulae
528 1258 591 1294 sono
609 1241 704 1308 simile,
729 1248 758 1294 at
769 1257 849 1294 sensu
865 1241 943 1310 longe
960 1247 1099 1311 semotum,
1122 1259 1179 1298 oum
1206 1263 1254 1316 op-

150 1313 258 1382 positam
281 1313 337 1364 iera
359 1309 474 1362 animalis
496 1317 593 1379 partam
613 1313 727 1376 referat,
751 1317 858 1380 tergum
881 1310 1001 1364 videlicet
1018 1329 1051 1364 ao
1066 1313 1130 1366 imos
1146 1315 1255 1371 ianitor.

151 1377 308 1465 graduarius
322 1378 416 1468 hartwigus
432 1380 544 1448 proiert3
569 1379 601 1432 de
618 1381 710 1465 quihus
732 1379 819 1434 Simon
842 1379 962 1432 Portiurr
988 1376 1156 1466 remorata·
1173 1377 1256 1452 oripo·

150 1451 805 1575 ’¹²¹⁷⁶ttt‘ttt‘hlahttttttdttt
823 1450 1255 1587 tradititiis}

151 1536 321 1654 illltaoota.
356 1591 446 1638 auctor
468 1603 547 1655 porro
574 1603 695 1656 equorum
719 1587 831 1650 comiti,
844 1535 918 1653 reggih
940 1604 1005 1656 equo
1028 1587 1164 1654 insidenti,
1184 1561 1255 1643 hun-

152 1669 227 1726 quam
244 1661 326 1708 totum
343 1653 490 1724 ephippium
507 1655 620 1722 sagulum
639 1656 672 1708 ad
691 1671 774 1708 armos
792 1659 818 1706 et
836 1653 927 1706 oollam
951 1671 1047 1722 usqne,
1070 1657 1117 1709 sed
1140 1656 1174 1710 ad
1198 1677 1255 1712 rue·

152 1727 220 1776 diam
235 1729 333 1806 tantum
350 1722 462 1804 ephippii
477 1722 562 1776 sedem
579 1724 707 1806 substerni
731 1723 837 1806 scribit}
863 1723 930 1804 quod
954 1724 1030 1776 etiam
1054 1741 1070 1777 a
1094 1727 1257 1796 pedissequis
1340 1753 1344 1760 ·

153 1795 333 1916 lppppcrpppppta
348 1791 463 1844 dommos
479 1808 557 1848 causa
574 1793 687 1848 ardemus
705 1794 847 1858 observari,
863 1809 886 1844 sr
903 1791 1054 1864 quandoque
1068 1794 1163 1850 heriles
1174 1811 1256 1866 equos

237 1935 272 1992 ih.
287 1951 313 1991 v.
329 1931 379 1994 10.
400 1931 606 2013 στρατορίκιον
616 1933 687 1990 verti
697 1951 759 1990 cum
774 1929 931 2011 Glossario,
949 1929 1051 2012 locum,
1064 1933 1095 1992 in
1108 1952 1165 2010 qno
1181 1940 1256 1994 stra-

153 2027 200 2079 tor
215 2020 413 2100 imperatorem
428 2017 458 2074 in
476 2035 580 2093 equum
601 2017 745 2078 sublevare
755 2016 845 2092 solet3
866 2019 920 2078 uisi
934 2018 1021 2079 maris
1035 2021 1153 2080 reddere
1163 2017 1257 2082 locum

153 2107 184 2165 in
198 2123 256 2182 qno
270 2103 336 2180 equi
353 2107 525 2162 sternuntur.

123 2246 126 2260 ,
222 2201 288 2254 itin.
314 2205 455 2252 stratorum
476 2193 547 2254 loros
568 2204 596 2252 et
621 2198 698 2252 statio
723 2201 762 2252 est
785 2199 995 2268 στρατορίκιον,
1014 2185 1074 2254 ¹non
1097 2198 1122 2253 is
1148 2216 1198 2271 quo
1220 2199 1258 2255 illi

155 2271 291 2326 sublevant
302 2263 481 2340 imperatorem
498 2269 525 2322 in
541 2285 648 2339 equum,
664 2262 786 2337 πέζευμα
801 2268 852 2321 iam
871 2270 904 2322 ab
923 2276 1026 2324 auctore
1041 2276 1171 2325 vocatum.

223 2358 258 2409 ih.
275 2372 302 2408 v.
323 2353 364 2408 14.
382 2352 548 2424 ephippioria
564 2355 638 2424 pila,
664 2371 715 2424 qua
739 2354 897 2425 apprehensa
915 2354 1000 2408 exsilit
1018 2371 1096 2425 eques
1109 2355 1136 2409 in
1156 2369 1260 2426 equum,

157 2432 199 2481 est
214 2419 387 2493 κομπῶσιον,
411 2423 481 2492 quod
498 2423 533 2475 sit
550 2421 662 2494 ephippii
678 2419 803 2491 κόμπος,
828 2423 860 2476 de
885 2439 935 2492 quo
954 2440 1041 2494 supra.
1077 2433 1259 2479 annumeratur

156 2512 220 2548 varo
237 2492 374 2564 ephippio,
393 2491 462 2544 utin
480 2491 578 2545 comitis
596 2508 719 2561 equorum
735 2492 774 2544 ius
792 2500 921 2558 transeat,
949 2509 980 2545 eo
999 2492 1067 2562 quod
1086 2511 1118 2547 ex
1137 2510 1199 2549 auro
1217 2493 1261 2548 la·

157 2565 222 2637 pillis
238 2569 330 2615 ornato
349 2560 439 2614 confici
455 2561 559 2614 soleret.
592 2560 657 2630 περὶ
672 2561 728 2616 τῶν
743 2561 857 2629 reomau
875 2561 969 2615 dietum
987 2571 1027 2615 est
1044 2562 1112 2617 alibi.

240 2653 276 2712 ib.
289 2671 315 2710 v.
331 2651 380 2714 15.
407 2651 472 2727 lego
497 2653 622 2728 roomoiv
636 2668 690 2731 pro
706 2643 900 2732 φορούντων,
921 2651 965 2712 vel
982 2653 1125 2731 φουτῶν,
1144 2651 1181 2712 de
1203 2671 1262 2734 quo
1313 2683 1316 2690 v

159 2738 216 2797 iam
228 2757 316 2815 supra
332 2736 416 2810 satis,
439 2733 505 2798 04,
1074 2729 1078 2740 ¹

241 2842 277 2901 ib.
299 2855 324 2896 v.
346 2841 393 2902 18.
423 2839 458 2896 de
476 2835 635 2916 Theophilo
652 2837 719 2915 imp.
741 2837 874 2898 acerrimo
888 2829 1058 2897 iconoclasta
1072 2839 1135 2917 lege
1155 2839 1262 2900 Cedre-
1369 2883 1372 2891 -

158 2945 226 2985 unm
246 2924 385 2983 Zonaram
407 2921 566 2982 Manassem
588 2921 713 2998 Glycam.

226 3021 290 3075 itta.
320 3017 458 3085 Θεόφιλον
482 3018 561 3087 φασί]
586 3019 717 3086 diffusius,
742 3025 769 3072 at
793 3021 820 3073 in
845 3019 952 3074 eandem
981 3025 1090 3074 mentem
1113 2975 1202 3076 narrat
1222 3022 1263 3076 hi-

160 3089 263 3144 storiam
281 3089 425 3142 Oedrenusr
442 3086 569 3142 diversam
587 3089 666 3140 habet
683 3087 737 3140 lieo
756 3089 943 3144 Grammaticus
960 3089 988 3144 in
1004 3089 1161 3162 Theophilo.
1197 3109 1262 3146 oou⁴

161 3162 230 3214 ieret
246 3164 381 3224 utrumque
396 3156 495 3224 laetor,
513 3157 557 3209 ubi
573 3157 614 3210 hio
630 3157 711 3210 lucem
730 3160 871 3229 aspexerit.
897 3157 905 3173 ’
952 3191 954 3196 .

246 3265 274 3324 p.
290 3247 331 3308 31
347 3263 373 3305 v.
388 3247 417 3308 8.
439 3244 773 3312 mohariumsestiarinm.

153 3341 156 3354 '
230 3343 295 3398 ibid.
317 3341 479 3396 ⁴vestiariam
502 3348 558 3406 est,
586 3342 654 3396 sient
677 3347 705 3396 et
729 3341 901 3414 βεστιᾶριονι
932 3347 963 3396 ut
987 3341 1146 3396 nihilominus
1173 3343 1264 3398 subin·

162 3411 273 3468 (lirnium
289 3411 323 3464 ab
341 3416 446 3463 auctore
463 3410 596 3478 discrimen
612 3412 679 3465 inter
696 3419 830 3482 utrumque
847 3415 1027 3476 observemus,
1046 3411 1178 3474 dicendum
1197 3409 1264 3484 ῥου-

173 3487 276 3550 ‘apator
294 3495 353 3534 ease
369 3479 576 3533 cubiculariorum
593 3480 716 3534 conclave
732 3481 765 3535 ad
782 3499 882 3536 sacrum
906 3481 1056 3534 cubiculum.
1090 3483 1162 3536 iavet
1184 3500 1264 3552 syno-

161 3503 211 3605 {lus
230 3549 380 3603 Florentiae
404 3547 497 3602 ultimis
520 3567 587 3620 pene
609 3551 712 3614 verbis,
737 3567 803 3621 quae
825 3568 875 3602 non
900 3549 927 3602 in
949 3567 1023 3602 sacro
1039 3549 1155 3604 eubiculo
1174 3551 1219 3604 aed
1236 3552 1265 3605 in

163 3620 278 3675 nunciavi
295 3615 435 3684 viciniore,
461 3613 491 3670 ἐν
507 3619 547 3690 τῷ
566 3614 718 3688 ᾇουχαρείφ
737 3619 789 3673 τοῦ
812 3613 958 3691 βασιλέως,
988 3619 1105 3672 Graecos
1127 3621 1264 3692 pontifice!

164 3697 236 3744 tomo
253 3687 351 3740 unionis
368 3686 555 3742 subscribentes
569 3690 724 3743 manifestat.

247 3763 313 3821 itta
330 3753 556 3838 omdhprpotla,
569 3763 650 3821 ermis.
665 3760 825 3840 spatharius
839 3759 936 3838 confer
945 3760 989 3820 vel
999 3761 1113 3832 satelles,
1130 3781 1266 3840 σωματο·

165 3840 273 3926 φύλαξ.
292 3845 552 3925 protospatharius,
570 3849 675 3928 primus
685 3847 759 3906 inter
771 3845 941 3926 spatharios,
954 3847 1266 3926 spatharocandidatos.

166 3924 572 4013 σπαθαροκουβικουλᾶριος,
592 3935 747 4013 spatharius
772 3933 962 3992 cubicularios.
991 3932 1140 4011 spathatus
1163 3932 1267 4009 spatha

165 4019 297 4076 munitus.
319 4017 438 4078 σπαθία
455 4018 589 4093 spathula.
619 4019 777 4094 dequibus
799 4019 863 4076 vide
889 4016 1044 4076 Meursium
1064 4022 1094 4075 et
1112 4015 1267 4092 Rigaltium

166 4103 196 4160 in
215 4102 372 4160 Glossariis.
391 4121 426 4160 err
438 4102 556 4179 dialogis
577 4103 607 4163 S.
625 4104 754 4180 Gregorii
766 4122 824 4161 non
834 4103 949 4182 ignotus
960 4109 1005 4160 est
1022 4101 1182 4180 spatharius
1193 4103 1268 4180 regis

169 4187 289 4246 Totilae.
311 4192 340 4246 et
354 4187 431 4264 apud
446 4188 594 4249 nonnullos
615 4189 773 4250 Gmmanos
787 4189 1003 4250 instrumentum
1017 4179 1161 4264 quoddam
1178 4187 1269 4250 sosso-

167 4273 239 4332 rium
254 4276 297 4334 ein
310 4272 398 4354 part.
455 4283 459 4302 ¹
