2802 4686
143 273 214 349 164
298 273 506 345 euersum
518 274 572 341 ET
587 271 718 342 eoru]
734 267 1066 340 COMMENTARIUS

35 441 55 492 Ρ
75 441 125 496 180
141 441 285 523 proprium
299 439 480 500 domesticum
491 435 602 498 habere.
621 440 682 494 erat
697 439 791 494 autem
803 431 970 492 domesticus
989 449 1063 493 unua
1080 447 1115 491 ex
1132 429 1234 513 psaltis

138 525 377 601 temeratoribus,
397 531 457 582 eta
467 521 645 602 protopsalta
659 520 817 598 proximus,
831 518 884 578 sub
903 537 934 576 se
946 517 1053 578 habens
1065 517 1136 578 aiios
1155 519 1235 600 psal·

141 619 187 672 tas
203 615 409 687 reuomentes,
430 627 493 686 quor
506 611 589 665 ueteri
600 605 798 680 coemendae,
819 603 911 680 inquit
933 602 1035 662 Codin
1057 621 1081 663 e
1105 605 1164 682 17,
1183 623 1233 664 reo-

141 702 244 762 ruioaot
269 700 389 770 mador,
422 691 475 750 hoe
502 697 562 767 est,
592 694 625 747 ut
649 688 781 748 Germani
807 687 899 746 dicere
932 686 1039 766 solent,
1072 686 1235 765 rodrailr'og.

141 779 178 860 3)
190 785 377 859 protopapam‚
396 779 491 852 quiet
509 776 572 854 ipse
590 772 740 852 aliquando
754 791 827 832 unus
849 777 878 832 et
896 770 969 832 idem
989 777 1051 832 erat
1069 771 1099 832 in
1119 771 1235 834 ecelesia

141 864 261 942 maula,
282 862 433 938 aliquando
449 861 589 938 diversus,
610 864 644 918 ut
664 859 733 918 dicit
755 858 882 918 Codinns
904 874 932 916 n.
952 857 995 920 40
1011 857 1079 917 ibid.
1113 855 1149 937 4)
1162 860 1234 936 pat-

141 967 240 1034 στωρο
251 952 422 1025 magistrum,
442 947 490 1022 qui
507 950 537 1003 et
550 947 613 1026 ipse
624 949 730 1006 cautor.
743 963 766 1002 e
781 947 811 1007 6.
846 941 881 1022 5)
891 942 1081 1026 edomandas.
1111 943 1145 1022 6)
1162 943 1234 1003 lam-

136 1035 300 1116 padon'uru,
322 1032 399 1092 euius
414 1035 475 1090 erat
495 1030 656 1108 imperatori
673 1026 831 1108 lampadem
853 1028 999 1106 praeferre.
1041 1025 1077 1104 7)
1096 1026 1234 1087 archidia-

97 1159 99 1166 ·
142 1137 258 1179 conam:
279 1118 353 1176 hunc
369 1117 443 1176 enim
457 1134 514 1174 nou
527 1115 650 1174 habebat
666 1113 796 1189 eeclesia,
814 1111 962 1189 sedada,
981 1115 1016 1170 ut
1045 1110 1112 1170 dicit
1130 1111 1233 1172 Codin.

140 1203 189 1266 soi.
206 1201 274 1271 125.
290 1204 325 1262 de
342 1202 441 1260 eodem
459 1199 547 1258 multa
566 1199 614 1260 fol.
635 1201 677 1263 96
701 1204 731 1258 et
755 1196 795 1261 97
815 1202 845 1255 et
865 1195 930 1256 alibi
954 1195 1073 1276 passim3
1094 1199 1127 1254 ut
1146 1201 1177 1256 et
1197 1197 1235 1256 de

57 1296 59 1305 '
143 1294 320 1372 protopapa‚
341 1285 512 1365 lampadario
526 1291 556 1344 et
569 1284 685 1343 caeteris
699 1281 855 1342 ministeriis
872 1280 1062 1340 eedesiasticis
1073 1279 1103 1338 in
1119 1280 1191 1341 aula.

226 1371 313 1452 Apud
326 1371 444 1430 Citrium
457 1379 654 1450 proponuntur
666 1367 769 1428 mulus
783 1367 960 1441 quaestiones
972 1367 1010 1426 de
1026 1365 1233 1425 archidiacono:

140 1449 430 1604 :irrueret
442 1449 773 1603 trr‘uufeut
787 1446 1237 1616 uerteretur

143 1623 250 1685 Citrius
261 1564 495 1686 alterutrorum
508 1623 625 1704 offitium
639 1643 691 1684 aare
705 1643 758 1682 erre
774 1559 964 1701 ἄρχονῖαιὸν,
985 1613 1057 1683 orldl
1073 1619 1106 1682 ἐκ
1119 1625 1236 1697 φιλοτι-

143 1712 216 1790 μίας
235 1703 456 1792 ἆρχιερατιιής,
479 1703 578 1790 ὥσπερ
603 1703 640 1770 rol
660 1701 838 1786 ἅρχοντίκια.
880 1705 1041 1765 Boneddius
1058 1705 1157 1766 vertit:
1184 1725 1237 1765 ooo

144 1801 184 1856 ert
204 1794 376 1872 magistrale,
395 1814 477 1872 neque
495 1813 527 1853 er
547 1793 705 1852 liberalitate
723 1792 887 1870 portr'fieoli,
905 1797 937 1851 ut
950 1791 1153 1868 magisterialiu.
1173 1809 1236 1850 cor-

143 1886 265 1939 rectores
289 1882 479 1938 correxerunt:
508 1879 746 1938 eredidiarooieum
766 1876 878 1954 efficium
896 1895 949 1935 uro
969 1883 1008 1936 ert
1031 1893 1064 1936 er
1083 1875 1236 1954 oflio'olr'um

143 1965 335 2042 dignitatibus,
361 1983 408 2022 oea
437 1964 562 2023 tribuitur
590 1983 622 2022 er
646 1962 806 2022 liberalitate
824 1961 990 2040 pontificali,
1023 1966 1057 2020 ut
1081 1961 1236 2039 officialium

143 2049 297 2126 dignitates.
326 2049 416 2128 prima
433 2049 523 2108 versio
546 2048 615 2106 satie
633 2053 678 2106 est
698 2047 889 2124 magisterialis
911 2065 964 2104 sen
984 2046 1167 2122 magistralis,
1187 2063 1235 2104 se-

144 2137 237 2194 cunda
249 2131 334 2213 paulo
347 2133 464 2214 propius
477 2153 594 2214 scopum
614 2133 715 2211 tangit.
736 2131 905 2191 archontiaia
919 2131 1011 2191 officia
1026 2137 1057 2190 et
1081 2125 1236 2212 ἀξιώματα

144 2221 223 2298 epod
239 2219 359 2277 Cinium
367 2223 436 2278 aunt
450 2217 497 2278 illa
510 2237 582 2296 quae
597 2219 660 2293 quis
674 2218 783 2278 obtinet
804 2214 854 2280 troi
868 2220 929 2278 τῶν
950 2210 1160 2296 doroverniae,
1180 2215 1236 2276 hoc

147 2311 192 2362 est
202 2322 249 2381 per
268 2304 361 2363 literar
381 2309 407 2360 et
425 2305 560 2362 ordiatur
579 2307 641 2364 τοῖν
656 2297 823 2383 ἀρχόντων,
840 2305 1003 2381 prr'nripum,
1023 2303 1083 2360 sive
1103 2301 1122 2360 ii
1139 2307 1236 2360 essent

145 2390 327 2467 imperatores
356 2386 415 2446 sive
435 2387 617 2468 patriarchae.
647 2389 802 2466 respondet
822 2405 893 2464 ergo
921 2387 1026 2446 Ciniua
1050 2385 1235 2446 archidianoni

144 2473 266 2532 officium
282 2491 341 2530 non
357 2489 419 2531 esse
439 2473 573 2532 eiusmodi
590 2474 668 2550 quod
685 2491 736 2553 per
753 2469 916 2552 arrdouu'eia
937 2473 1109 2549 conferatur,
1127 2489 1178 2531 seu
1197 2470 1236 2529 ab

143 2558 313 2637 imperatore
324 2575 407 2616 seua
426 2558 597 2636 patriarcha,
617 2559 669 2618 sed
690 2575 752 2616 esse
775 2557 851 2634 longi
865 2558 999 2636 temporis
1019 2561 1050 2616 et
1066 2575 1169 2637 operae
1186 2557 1235 2616 diu

146 2643 298 2722 praestitae
311 2644 391 2720 quasi
404 2646 666 2704 remunerationem:
682 2639 729 2706 διδ
748 2643 798 2705 eal
810 2643 852 2717 oia
861 2636 971 2723 χρόνον
982 2640 1034 2704 rral
1047 2641 1127 2704 ἰδίου
1138 2638 1235 2704 τόπου

146 2725 313 2810 δώρημαό
333 2723 540 2810 ἅμχιδιάκονος
563 2730 620 2810 ἔχει
643 2727 695 2791 rel
714 2723 772 2810 τὴν
788 2722 940 2808 desponde
961 2725 1010 2790 lari
1029 2719 1151 2789 πάντων
1170 2729 1235 2788 τοῖν

146 2809 311 2884 διακόνων,
329 2813 386 2876 alre
395 2807 592 2892 αρχοντικίοις
604 2811 779 2880 ὁποιοισοῦν
796 2814 965 2894 τετίμηνται
980 2810 1037 2874 el're
1050 2809 1103 2874 real
1118 2804 1162 2892 μή
1170 2857 1181 2889 ,
1200 2809 1235 2873 ἔν

145 2917 177 2959 τι
190 2899 235 2981 api
243 2901 325 3042 appi,
346 2896 380 2960 ἐν
393 2902 435 2982 τῷ
450 2897 525 2984 olylpr
539 2895 667 2981 βήματι,
688 2896 741 2962 rrol
760 2897 794 2965 lu
814 2902 854 2983 τῇ
870 2890 1035 2981 μεταλήψει
1053 2918 1116 2960 reru
1135 2897 1234 2960 θείων

167 2999 221 3044 uer
273 3003 324 3042 σιν.

144 3004 166 3062 μ
221 3004 393 3136 ⁷linaesitum
408 3083 520 3142 quoque
531 3066 626 3127 fuerat
639 3086 707 3126 num
717 3063 874 3146 patriarcha
889 3070 987 3147 posset
1004 3084 1056 3146 per
1071 3063 1132 3124 sola
1146 3067 1235 3142 pitto-

148 3155 192 3209 aia
205 3157 234 3210 et
246 3154 349 3229 mavia,
369 3157 399 3210 et
412 3154 545 3211 mandato
559 3172 620 3229 suo,
633 3153 773 3231 praeferre
793 3151 901 3228 aliquos
918 3152 995 3212 nullo
1014 3151 1105 3210 officio
1116 3151 1235 3226 insigni-¹

148 3242 193 3294 tos
209 3236 262 3294 iilis
278 3239 326 3312 qui
340 3238 446 3314 priores
463 3238 589 3314 fuerant,
610 3237 686 3295 nullo
705 3242 798 3296 tamen
816 3237 870 3315 ipsi
890 3237 975 3296 etiam
991 3236 1082 3295 officio
1101 3235 1233 3294 decorati.

146 3323 300 3400 respondet
324 3322 429 3380 Citrius
456 3321 509 3380 hoc
537 3321 620 3400 plane
647 3341 709 3381 esse
731 3321 951 3401 intolerandum,
982 3327 1016 3380 ut
1041 3321 1235 3402 praeferantur

146 3404 233 3480 aliqui
271 3406 414 3484 prioribus
444 3425 495 3487 per
518 3410 651 3484 pittacia,
687 3407 811 3483 etiamsi,
847 3407 895 3481 qui
937 3406 1147 3485 praeferantur,
1181 3403 1234 3462 lra-

146 3489 234 3548 beant
260 3491 362 3564 officia3
389 3493 441 3551 sed
469 3491 619 3567 quemlibet
641 3493 670 3552 in
689 3491 751 3551 loeo
774 3495 804 3552 et
823 3491 944 3550 statione
969 3509 1037 3569 sna,
1060 3507 1145 3566 quam
1161 3493 1234 3546 tem-

148 3593 217 3652 pore
236 3577 397 3653 acquisivit,
425 3575 636 3653 relinquendum
655 3596 731 3636 esse:
753 3573 775 3655 ἡ
794 3571 850 3656 yolp
873 3572 955 3648 τάξις
976 3575 1029 3637 καὶ
1050 3572 1152 3645 στάσις
1170 3575 1234 3633 τῶν

148 3651 298 3722 διακόνιον
314 3663 357 3744 τῷ
368 3654 466 3740 χρόνῳ
483 3661 721 3740 §adulteraturi
736 3661 913 3738 στηρίζεται,
932 3658 984 3720 rrul
999 3659 1078 3721 troo
1096 3652 1234 3730 ἇμετσκί·

147 3764 254 3822 νητος,
271 3743 363 3820 inquit
376 3745 493 3818 Citrius3
516 3746 563 3821 qui
578 3753 606 3805 et
622 3746 701 3804 addit
715 3747 740 3805 ei
753 3745 800 3822 qui
812 3747 980 3804 arolouticir'r
991 3761 1040 3802 sen
1049 3743 1168 3802 &ruilus
1179 3740 1234 3799 iru-

146 3826 267 3886 iusmodi
279 3828 431 3888 honoratus
446 3835 504 3906 est,
523 3830 593 3890 satis
605 3849 666 3889 esse
680 3836 714 3888 ut
728 3830 841 3907 quando
861 3827 1020 3906 patriarcha
1031 3847 1082 3887 seu
1105 3827 1234 3907 pontifex

143 3930 204 3974 rem
222 3912 343 3974 divinam
363 3915 447 3990 facit,
474 3915 512 3972 sit
531 3918 593 3994 ipae
614 3916 719 3994 primus
744 3914 776 3976 lu
798 3918 836 3996 τῇ
860 3909 981 3994 εἰσόδῳ,
1003 3917 1032 3972 iu
1050 3919 1171 3989 ingressu
1194 3911 1234 3970 ad

147 3995 253 4075 altare,
273 4015 324 4058 sen
339 3999 369 4056 in
384 3999 426 4057 itu
439 4000 508 4056 etin
521 4001 700 4078 perceptione
718 3999 872 4058 divinorum
888 3998 1088 4074 mysteriorum.
1108 3996 1138 4054 in
1158 4001 1235 4056 eete-

147 4083 185 4140 ris
198 4085 321 4158 quemvis
335 4103 416 4144 suum
430 4083 521 4142 locum
531 4093 625 4144 tenere
641 4085 754 4160 debere;
774 4091 804 4144 et
818 4085 942 4158 iniquum
955 4102 1017 4142 esse
1031 4089 1064 4143 ut
1082 4079 1099 4144 o‘
1113 4098 1234 4162 aporta-

149 4165 291 4247 οδεύσας,
312 4175 359 4250 qui
371 4174 472 4248 prinum
494 4174 591 4244 terruit,
619 4188 669 4228 seu
681 4177 715 4230 ut
736 4169 820 4250 vulgo
844 4169 998 4245 loquimur,
1018 4171 1066 4247 qui
1077 4165 1235 4245 praecedere-

149 4255 216 4314 tiam
229 4254 337 4334 doluit,
353 4259 389 4318 de
399 4256 461 4318 loeo
474 4275 526 4316 suo
540 4254 706 4318 detrabatur
723 4256 803 4318 alteri
815 4255 913 4314 cedere
931 4259 1055 4332 rogatur.
1081 4267 1115 4311 ex
1129 4249 1233 4330 quibus
