2798 4690
374 265 376 272 ’
436 295 482 364 m
503 295 650 362 comm
680 297 765 364 aar.
780 297 891 365 mv.-
929 243 935 248 ⁵
1127 301 1199 371 aaa

107 462 175 541 nis,
195 460 334 529 abitus:
364 457 400 524 lv
422 465 488 536 τοῖς
508 459 623 539 ἓορτνῖς
642 459 694 525 sol
713 468 777 536 τοῖς
795 461 953 538 ἒτττνττλονς
972 460 1023 526 sci
1043 458 1203 546 νεορόντων

107 548 265 629 πρέσβεων
279 541 437 609 ἐνεδύοντο
457 542 610 626 χλαμύδας
629 547 782 624 ποικίλας,
804 541 866 610 sind
885 552 1007 632 χρυσοῦ·
1016 548 1067 610 scl
1082 545 1202 630 πορφυ-

109 656 183 714 ρνς,
211 627 233 712 ἢ
255 628 354 704 ἄλλως
373 654 438 703 πως
456 634 639 714 πολυτελεῖς,
661 629 695 693 ἒν
717 626 749 693 δὲ
770 637 835 706 ταῖς
851 638 967 707 κοιναῖς
988 627 1127 707 συνόδοις
1147 637 1204 712 ξη-

107 717 293 798 ραμττελλνας
312 721 355 800 τῷ
372 711 522 796 χρώματι,
544 710 580 788 ἃς
600 707 729 778 ἒκᾶλονν
747 711 960 797 &separareris
978 711 1039 782 sind
1058 722 1114 780 rori
1125 715 1204 800 χρεό-

108 825 203 881 ματος
223 798 272 879 (roi
292 797 349 883 yolp
369 797 459 880 μέλον
479 795 573 883 ἔτρον
592 803 747 878 καλοῦσιν)
765 795 787 880 ἢ
806 796 852 867 ‘o'ra
873 799 945 882 parri
966 802 1113 883 spolitino
1130 798 1204 864 rori·-

107 909 176 959 τους
206 881 335 949 εἰώθασι
361 889 508 968 χρῆσθαι,
537 885 673 968 τρνβεῖντ
693 882 727 950 di
745 884 880 972 λέγονται
899 887 935 952 ul
948 891 1115 962 πολυτελεῖς
1134 892 1205 968 χλα-

108 966 213 1054 μύδες.
270 1001 277 1018 ·

179 1085 244 1139 ibid.
279 1075 310 1140 lv
331 1082 368 1156 τῇ
396 1084 454 1148 τοῦ,
473 1079 556 1154 cipioo
583 1081 740 1156 πνευματος
761 1078 860 1159 ἑορτῇ]
888 1083 976 1155 luctus,
992 1073 1031 1140 et'
1041 1086 1201 1142 contritionis

109 1155 288 1224 potiusquam
313 1151 452 1208 alacritatis
473 1154 611 1224 spiritualia
631 1161 806 1230 argumentum
825 1163 866 1210 est
887 1158 1092 1228 apud-Graecos
1110 1157 1204 1210 festum

109 1229 289 1292 pentecostes,
305 1223 410 1278 marimo
426 1229 486 1296 post
502 1224 645 1288 meridiam,
662 1226 856 1293 occaecando,
879 1231 909 1279 ot
932 1226 1016 1293 aiunt,
1037 1225 1204 1294 vespertinae

110 1293 278 1344 decantantur
293 1309 389 1361 preces.
406 1296 469 1344 tunc
487 1292 636 1362 frequentes
654 1295 734 1347 audiri
750 1294 873 1362 gemitus,
891 1300 967 1347 etex
985 1301 1143 1364 peccatorum
1161 1311 1205 1346 ra-

110 1361 258 1412 cordatione
273 1377 323 1412 non
341 1361 406 1414 adeo
422 1365 513 1430 pectus
529 1361 621 1430 pugnis
638 1379 713 1431 qnam
731 1363 826 1416 caelum
841 1363 911 1416 tundi
930 1361 1046 1432 suspiriis
1063 1361 1204 1428 consuevit,

109 1435 142 1480 nt
157 1430 179 1480 si
196 1429 255 1496 quid
269 1429 342 1482 luxus
364 1429 390 1482 in
414 1444 497 1482 mores
520 1429 617 1484 inuexit
641 1431 768 1502 paschalis
791 1433 927 1484 solennitas
952 1432 994 1482 vel
1017 1431 1072 1483 eins
1095 1427 1203 1484 decursu

109 1497 280 1550 dissolutionis
299 1498 410 1551 nonnihil
426 1515 512 1552 secam
527 1500 616 1576 attplit
631 1499 756 1554 hominum
774 1500 802 1552 in
818 1501 881 1554 vitia
891 1491 972 1569 proila
983 1499 1104 1566 libertas,
1121 1505 1204 1551 totum

109 1565 138 1617 id
153 1566 267 1634 corrigat
283 1567 356 1620 dolor
371 1567 477 1637 spiritns
494 1573 584 1637 sponte
606 1575 763 1638 assumptus,
785 1575 814 1622 et
835 1575 980 1622 contractas
1004 1575 1088 1622 sortes
1110 1566 1203 1637 poeni·-

110 1635 210 1688 tentiae
224 1636 374 1704 abstergant
390 1637 506 1688 lamenta.
524 1653 555 1690 eo
573 1637 625 1690 fiae
642 1645 757 1690 sanctam
773 1637 806 1690 de
828 1637 905 1690 caelis
922 1635 1036 1718 spiritum
1054 1653 1110 1690 cum
1126 1636 1203 1689 lacri-

110 1702 160 1755 mis
183 1702 320 1771 advocant,
340 1721 372 1756 ex
390 1702 554 1773 profundiore
569 1705 709 1758 humilitate
735 1722 825 1775 preces
850 1707 1019 1772 ingeminant,
1042 1719 1073 1756 ao
1091 1721 1204 1772 genuum

110 1769 305 1834 inflexionibus,
322 1772 414 1840 quibus
430 1771 478 1824 iam
496 1772 616 1826 desuetas
641 1781 698 1826 erat
717 1775 828 1844 populns
844 1773 892 1826 sibi
915 1772 1060 1836 subiectus,
1084 1789 1140 1826 eum
1153 1773 1204 1824 ita-

111 1845 169 1892 rato
187 1840 257 1891 velut
272 1839 374 1908 lugubri
391 1840 598 1908 quadragesimae
613 1847 729 1911 tempore
757 1841 873 1908 affligere
894 1846 968 1912 parat
993 1839 1108 1893 ecclesia.
1133 1857 1204 1892 oom-

112 1922 188 1960 muaa
204 1907 281 1974 igitur
297 1925 353 1960 oum
370 1907 427 1960 aliis
444 1910 561 1978 templum
578 1910 718 1986 imperator
733 1910 790 1982 ipse
805 1912 965 1979 frequentat,
988 1915 1018 1962 ut
1035 1908 1203 1978 poeniteutiae

113 1992 171 2029 oum
187 1976 245 2029 aliis
261 1993 367 2032 consors
384 1993 524 2031 commones
539 1979 615 2032 etiam
631 1979 686 2034 aliis
709 1996 812 2050 precum
832 1980 929 2035 fractus
951 1979 1050 2031 referre
1068 1983 1204 2030 mereatur.

182 2095 208 2200 s.
222 2078 256 2132 78
267 2091 293 2132 a.
306 2080 331 2132 1.
347 2077 450 2146 piratas
465 2074 516 2148 ple
530 2075 666 2150 τράπεζα]
689 2081 798 2134 nondum
815 2081 880 2134 enim
902 2079 1008 2133 aduenit
1031 2079 1115 2132 luctus
1131 2078 1204 2144 hora,
1258 2083 1263 2093 “

116 2163 165 2200 nec
200 2146 307 2200 omiuioa
322 2147 450 2200 festivitas
465 2148 551 2201 iainmii
567 2149 697 2202 molestiae
731 2156 800 2203 otest
814 2149 956 2206 admisceri.

185 2217 221 2268 ib.
239 2233 265 2268 v.
276 2218 302 2268 2.
320 2208 353 2270 ἒν
369 2211 401 2268 δὲ
418 2216 454 2268 τ’
464 2219 515 2270 τοῦ
532 2210 675 2286 ἕσπερονοῦ
691 2221 763 2286 mco]
782 2235 833 2287 qua
849 2216 973 2286 σημαίνει
989 2211 1138 2285 tapsitanos·
1154 2208 1205 2268 dccl

113 2280 166 2352 τὴν
182 2285 232 2352 τῆς
249 2283 419 2352 ρονυκλισίοις
432 2235 624 2356 istotorum,
638 2289 677 2356 fit
693 2271 799 2358 sigimot
814 2289 890 2342 solito
913 2287 990 2346 citios
1011 2293 1117 2356 propter
1135 2285 1205 2352 (nso--¹

114 2355 214 2420 rosum)
230 2354 432 2422 geniculationis
448 2356 570 2424 officium.
1245 2399 1248 2412 ,

182 2423 216 2474 it.
234 2439 259 2478 v.
272 2422 297 2475 4.
314 2415 365 2482 τὰς
376 2423 427 2474 τοῦ
442 2420 561 2491 μεγάλου
576 2423 734 2490 Βασιλείου]
758 2423 836 2478 habes
853 2424 909 2476 illas
925 2422 1052 2477 orationes
1068 2437 1205 2489 aaronque

112 2491 274 2558 legendamm
297 2490 385 2554 ritum,
407 2507 455 2544 neo
476 2508 526 2544 non
548 2498 575 2544 et
598 2492 678 2544 totius
700 2492 772 2545 huius
795 2494 873 2546 officii
897 2492 1078 2561 expositionem
1096 2505 1127 2542 ex
1145 2491 1202 2558 ipso

113 2560 208 2612 Basilio
222 2566 250 2610 et
265 2559 399 2613 Matthseo
415 2559 534 2614 Blastare
549 2561 576 2614 in
592 2561 771 2630 Euchologiois
788 2562 898 2628 nostris;
915 2561 1037 2630 reliquum
1055 2559 1166 2614 officium
1177 2559 1205 2610 in

114 2629 305 2681 Pentecostario
322 2627 445 2698 reperies.

197 2736 234 2794 it.
254 2753 281 2794 v.
299 2733 327 2796 5.
354 2735 525 2796 diaconicum
542 2755 602 2798 non
618 2743 664 2796 est
676 2709 811 2796 ‘amoime
835 2734 1014 2808 ds'csconosum,
1041 2733 1071 2791 in
1091 2752 1148 2808 quo
1166 2731 1206 2789 illi

115 2821 277 2901 congregati
292 2821 438 2878 tractarint
450 2822 563 2899 negotia
575 2822 695 2881 muneris
718 2823 779 2898 sai,
803 2821 855 2879 sed
874 2825 919 2878 est
932 2819 1009 2877 locus
1024 2818 1072 2875 ubi
1087 2815 1205 2876 ministri

114 2923 206 2966 sacras
218 2911 310 2963 vestes
324 2906 362 2964 ad
376 2905 469 2995 drino
489 2905 579 2966 officia
592 2908 753 2987 peragenda
766 2907 904 2984 induunt,
925 2904 1088 2963 Germanice
1102 2905 1145 2962 dic
1161 2921 1205 2961 su-

115 2993 228 3070 cn'stsy,
253 2994 406 3050 samarium.

115 3171 133 3225 h
173 3103 248 3224 οὖλέ.
275 3119 408 3225 alporppa
425 3104 550 3224 laxrabqnlau
559 3119 615 3157 oum
631 3105 768 3189 abhorreat
788 3101 931 3228 phamentis
948 3091 1026 3222 oigoii
1043 3101 1205 3221 printoeriffi

115 3187 214 3309 τὲεῗνιυίλ
225 3188 424 3322 ἱτιλρεθελλῖεἶωεῖ
432 3189 476 3322 9⁸3⁸
487 3191 601 3322 distillo
608 3183 811 3326 ’ἱλεὲῗιῖψλέλλιεζ
820 3187 1056 3313 ῐέἓὲῃλῖαλὲνῒτῗλν
1065 3186 1206 3318 faliscorum

115 3306 676 3445 tttritttinltffllttlmti.
688 3309 1207 3448 inliti.ballistarii:

115 3445 224 3500 allatius
241 3444 273 3497 de
286 3443 454 3497 recentiorum
471 3445 630 3497 Graecorum
646 3445 747 3516 templis
763 3447 899 3517 opuscular
920 3445 949 3500 in
963 3441 1124 3512 anbologio
1141 3457 1207 3512 quo-

115 3531 166 3586 que
181 3512 294 3567 aonaihil
308 3512 341 3565 da
356 3529 388 3566 so
403 3512 576 3567 delibavimus.

200 3621 237 3679 it.
257 3637 284 3678 v.
305 3621 334 3682 7.
356 3591 398 3677 de¹
411 3620 484 3678 festo
500 3618 675 3678 exaltationis
688 3638 711 3678 s.
732 3619 821 3680 crucis
836 3619 920 3678 etiam
940 3581 975 3678 ex
988 3635 1065 3677 more
1086 3581 1208 3675 Graeco-

117 3723 179 3764 rum
199 3705 261 3763 fuse
276 3705 374 3783 scripsi
394 3707 494 3767 tom.1
517 3703 553 3763 de
567 3706 597 3762 S.
611 3704 701 3763 Cmoe
715 3703 733 3762 l.
751 3710 765 3766 1
782 3723 805 3762 o.
816 3705 857 3768 65
871 3711 901 3764 et
914 3708 956 3770 66
970 3710 1000 3763 at
1013 3703 1031 3762 Ι.
1047 3707 1062 3766 1
1080 3703 1116 3760 de
1130 3702 1209 3759 festis

118 3811 141 3849 o.
156 3791 205 3854 83.
246 3789 310 3849 vida
327 3791 411 3848 etiam
428 3789 623 3848 Adamannum
639 3791 755 3849 Scotum
771 3788 789 3846 l.
806 3791 824 3851 1
846 3790 882 3847 de
901 3790 957 3848 situ
974 3794 1065 3849 terrae
1078 3793 1207 3859 sanotae3

117 3875 166 3934 ubi
179 3876 215 3933 de
227 3875 357 3935 nundinis
372 3875 426 3934 hoc
439 3876 511 3934 festo
524 3875 725 3952 Hierosolymis
735 3874 866 3933 celebrari
877 3874 966 3934 solitis
979 3876 1048 3934 mira
1061 3874 1145 3949 leges.
1175 3923 1177 3930 .

185 3989 220 4043 it.
237 4007 263 4043 r.
275 3991 302 4045 8.
317 3983 484 4060 ἅνυβάθρα]
502 3988 640 4043 elevandae
655 3988 682 4042 in
705 3988 784 4042 altum
809 3989 878 4042 cruci
899 3989 932 4042 ad
953 3989 1007 4042 eius
1029 3985 1208 4040 exaltationem

118 4056 192 4111 etiam
209 4075 331 4128 corporeo
347 4065 423 4126 gestu
439 4058 518 4112 oculis
534 4056 750 4122 demonstrandam
773 4067 940 4129 praeparatur
955 4057 981 4110 in
997 4055 1081 4126 madio
1097 4053 1206 4107 triclinio

119 4127 276 4216 tabulatam,
290 4121 514 4212 οἶνυβολθραςάε
530 4145 581 4197 qua
598 4125 690 4182 redibit
708 4144 799 4202 sermo.

186 4227 221 4285 ii.
239 4246 264 4282 v.
275 4231 316 4288 10.
341 4225 395 4300 τὴν
411 4229 463 4284 sori
478 4229 601 4298 σταυροῦ
612 4223 815 4299 uocationem]
832 4245 883 4300 qno
893 4227 947 4281 rita
958 4230 1112 4294 peragatur,
1131 4237 1206 4292 prae·

119 4295 182 4371 cipit
197 4297 330 4356 naamon
347 4300 381 4358 14
397 4299 562 4374 Septembris.
577 4294 737 4354 νὶλλολτσειὸ
759 4295 849 4370 lepris
871 4297 966 4351 πᾶσαν
986 4291 1040 4364 τὴν
1065 4286 1206 4363 scomensis
