2822 4684
467 270 538 366 'lu
558 295 709 365 conam
728 297 813 365 aar.
838 298 897 366 w.
1021 319 1023 327 =
1176 299 1253 370 aar

145 464 243 526 sareu
255 459 339 524 Arra
353 463 500 527 comrrrr
514 461 533 523 1.
551 463 573 529 a
595 439 721 522 lrrrrra
748 461 866 522 errrrrr
888 461 1121 543 interpretaretur
1137 461 1252 522 ιιιοιιι

144 549 258 629 gaildine
270 550 347 609 atriola
368 550 441 610 turb.
463 567 562 628 posses
577 549 663 607 etiam
681 547 859 626 interpretari
874 554 976 608 ceolum
994 569 1141 629 purpureae
1159 555 1254 612 auter.
1344 611 1351 628 .

146 638 225 716 apud
239 636 381 695 Codinum
394 641 523 694 nostrum
541 655 565 694 a
580 635 600 695 4
614 633 702 692 habes
719 630 890 714 καββάὸιον
908 628 1057 714 βλάτινον.
1079 653 1253 714 purpureum

144 723 192 780 hic
211 723 272 780 sine
291 721 349 780 ullo
368 721 546 780 incommodo
563 719 682 777 reddere
705 724 795 797 potes.
820 719 919 778 eodem
936 737 960 778 e.
982 720 1101 777 occurrit
1117 716 1252 800 βλοῖτιον,

145 807 195 866 ubi
209 807 311 867 dieitur
325 805 514 885 protosebasti
536 805 627 886 pileus
646 823 708 863 esse
725 804 802 864 aurei
818 810 848 864 et
865 804 971 884 prasini
987 804 1104 882 coloris,
1123 801 1203 884 πλὴν
1216 803 1252 869 ab

146 888 265 972 ούρμα,
281 884 319 955 ου’
332 886 367 953 ro'
382 885 526 971 βλοίτιον.,,
543 889 657 969 Iunius,
677 896 847 950 veruntamen
857 897 987 969 syrmate,
1001 910 1053 950 mou
1063 895 1150 950 autem
1166 897 1254 966 textu,

146 979 214 1053 quia
232 978 315 1037 Iunio
335 973 459 1055 βλᾶτιου
479 975 546 1036 nibil
559 975 636 1036 aliud
651 982 711 1054 est,
733 993 819 1051 quam
835 995 899 1054 opus
910 975 1008 1035 textile.
1044 974 1175 1051 quooiruu
1191 977 1254 1034 ubi-

145 1080 202 1139 que
229 1061 279 1120 ubi
301 1062 407 1121 mentio
430 1062 467 1120 de
492 1061 601 1139 blatio„
617 1061 656 1119 ad
681 1067 790 1120 textum
812 1065 842 1120 et
864 1061 1013 1120 textrinam
1035 1061 1171 1140 confugit.
1200 1063 1253 1121 sed

144 1147 297 1226 legendum
316 1147 334 1207 l.
356 1166 380 1208 c.
408 1142 489 1227 πλήν
508 1144 543 1210 ro*
574 1139 688 1226 ούρμω,
714 1149 805 1209 τοῦτο
827 1141 967 1224 βλοὶτων,
988 1151 1094 1226 excepto
1118 1155 1253 1230 gemme:

146 1234 195 1292 boa
216 1235 284 1292 arim
300 1250 460 1310 purpureum
486 1237 533 1292 ert.
564 1249 631 1290 nam
655 1230 756 1310 prioris
778 1231 935 1310 scripturae
959 1231 1054 1290 nullus
1075 1237 1121 1292 est
1141 1251 1252 1295 sensam.

144 1319 245 1377 eodem
266 1337 289 1376 a
316 1316 405 1377 babes
426 1313 534 1380 λευκόν
558 1312 692 1396 βλάτιον.
715 1317 805 1376 albara
832 1317 912 1378 λιλωη
933 1318 1028 1377 reddit
1046 1315 1153 1378 Iunius.
1176 1318 1252 1378 malo

144 1404 235 1462 album
246 1421 373 1481 pannum,
394 1407 427 1461 ut
441 1403 541 1464 llala'on
554 1403 709 1480 generatim
725 1403 764 1462 ait
772 1423 887 1483 paunus,
898 1404 950 1461 sed
968 1400 1096 1463 hocloco
1109 1402 1251 1463 condidus.

144 1507 210 1547 mox
228 1486 262 1550 ur
278 1491 339 1549 τῶν
359 1483 505 1569 συνήθως
527 1485 771 1568 πολιτευομένων
797 1491 945 1570 βλωτλων,
966 1489 1014 1546 ubi
1035 1480 1143 1567 βλᾶτιω
1164 1507 1253 1566 gene-

93 1643 95 1648 ,
143 1573 227 1632 ratim
248 1576 429 1633 uestimentum
446 1579 555 1634 vertere
572 1578 663 1652 potes.
690 1591 791 1631 sensns
814 1575 887 1632 enim
902 1579 960 1632 est:
981 1571 1150 1634 cabbadium
1167 1574 1252 1634 huius

141 1657 306 1736 logothetae
326 1675 389 1716 esse
405 1677 493 1718 unum
514 1677 549 1716 ex
572 1659 607 1715 iis
627 1660 743 1718 amalus
765 1674 837 1734 quae
860 1664 995 1718 consueto
1013 1677 1092 1717 more
1111 1661 1251 1718 lentatum

141 1763 239 1802 rursus
254 1763 277 1802 c.
294 1746 334 1806 17
351 1743 468 1821 erigitur
490 1743 663 1822 anabathra,
683 1761 802 1818 eamque
823 1749 925 1821 tegunt
944 1750 974 1802 et
993 1749 1096 1806 ornant
1113 1739 1164 1808 arri
1177 1746 1251 1826 βλω-

142 1829 218 1890 τλων
242 1825 384 1908 ἐρυθροῑν
405 1829 493 1888 rubris
511 1832 630 1906 ρυωιίις
657 1827 705 1887 ubi
724 1829 826 1888 iterium
843 1824 970 1910 βλάτιον
988 1849 1040 1908 pro
1059 1849 1150 1908 parum
1166 1848 1250 1890 auur·

142 1918 243 1992 patum
260 1911 348 1969 vides.
390 1910 487 1972 Iunius
500 1913 585 1971 vertit
600 1915 720 1974 araneas
733 1915 844 1973 rubrus:
861 1916 914 1974 sed
923 1914 991 1972 vebs
1005 1919 1036 1974 et
1046 1913 1250 1992 peripetasma-

142 1999 181 2057 tis
195 1995 368 2056 anabathrae
389 1998 468 2056 indui
480 1998 632 2074 vestirique
654 1999 763 2076 solent,
786 2019 844 2059 non
859 1998 980 2059 bracteis
994 2005 1025 2058 et
1043 1997 1162 2058 lambris.
1183 1999 1251 2058 alibi

142 2103 172 2163 p,
194 2082 257 2145 102
275 2083 316 2146 17
337 2082 367 2141 in
385 2081 502 2144 triclinio
516 2082 691 2161 imperatoris
710 2085 833 2144 vestiunt
856 2084 1040 2146 anabathram
1054 2085 1166 2167 βλωτλω
1180 2107 1250 2147 κοτι-

141 2167 231 2250 atum·
262 2164 375 2245 Iunius,
402 2167 483 2228 linteo
499 2173 618 2228 corabo:
646 2169 699 2228 sed
717 2169 815 2230 melitus
829 2190 920 2251 panau
940 2174 1066 2230 οοιωόιο.
1086 2187 1111 2248 υ.
1134 2173 1250 2233 6tenet

141 2255 297 2330 imperator
318 2271 403 2312 manu
426 2254 540 2314 sinistm
559 2248 682 2332 βλάτιον
704 2249 812 2318 adduas
838 2250 952 2330 lotario:
982 2253 1030 2314 ubi
1051 2248 1175 2336 {tlalamo
1202 2262 1250 2316 eat

142 2339 265 2398 uolumen
283 2338 343 2396 sive
359 2340 526 2400 involucrum
543 2339 699 2418 obligatam
720 2341 835 2400 mantili.
855 2342 885 2400 id
901 2341 942 2401 ita
956 2359 1034 2419 esse,
1055 2338 1143 2401 oeulis
1160 2341 1250 2420 inspi-

143 2441 206 2482 cere
229 2427 313 2502 potes
335 2424 365 2482 in
383 2424 472 2482 tribus
491 2423 659 2504 imaginibus
673 2427 873 2505 imperatorum
892 2427 973 2488 initio
987 2427 1152 2506 Gregorae,
1172 2432 1202 2485 et
1218 2428 1249 2487 iu

142 2527 257 2568 nummo
272 2507 440 2588 Theodosii,
464 2527 548 2587 quem
561 2515 628 2570 tom.
643 2511 665 2574 3
681 2513 718 2571 de
735 2513 766 2573 S.
785 2514 876 2573 Cruce
892 2515 911 2578 1
925 2511 965 2578 14
978 2512 1169 2592 vulgavimus
1184 2533 1208 2572 c.
1226 2512 1249 2580 4

142 2594 230 2654 habes
245 2588 384 2657 σκιάδιον
397 2589 522 2676 βλοὶτων
538 2593 687 2680 διβολέον.

226 2707 272 2772 De
285 2711 372 2772 blatio
382 2712 424 2772 ita
442 2709 553 2774 Iunius:
574 2707 714 2794 βλολτιον,
726 2730 776 2794 per
791 2733 918 2794 syncopen
928 2733 979 2796 pro
992 2711 1150 2795 βολτίτιον,
1165 2711 1250 2795 πυροὶ

142 2793 176 2862 τὸ
198 2794 340 2878 βάλλειν,
362 2803 401 2858 ot
418 2799 474 2858 talu
491 2817 538 2860 eeu
554 2799 657 2860 textilis
669 2803 782 2860 moterlo
798 2805 907 2879 quaeum
929 2807 1034 2879 etopus
1055 2806 1174 2876 λιτλιιιο,
1196 2805 1251 2860 stoa

141 2883 279 2961 unicolor,
300 2887 356 2943 ιιύο
375 2882 510 2964 ὃιβολὲος
523 2886 593 2944 bilta
608 2891 635 2945 et
649 2886 762 2962 bicolor,
783 2890 837 2944 rive
854 2883 1010 2967 τριβολέον
1028 2887 1108 2946 tuille
1123 2892 1149 2947 et
1166 2890 1248 2946 laico·
1263 2893 1288 2948 P
1303 2895 1357 2950 2⁰⁰

143 2970 201 3044 lor,
219 2973 276 3028 siue
294 2962 460 3047 πολύμιτον
482 2971 626 3030 moltitiem
643 2978 724 3050 atque
745 2971 902 3035 multicolor.
925 2977 1006 3050 alque
1027 2965 1250 3050 terestrium

141 3054 255 3116 tortilia.
282 3053 351 3112 haec
370 3054 423 3112 ille
444 3057 496 3113 sed
522 3057 598 3114 unde
618 3055 705 3114 babet
723 3057 777 3115 iste
798 3075 880 3114 suum
906 3057 1082 3136 βολάτιονο
1103 3051 1248 3136 βᾶλλεινὲ

142 3157 177 3196 ex
192 3157 248 3213 quo
270 3138 426 3216 scriptore?
455 3158 489 3197 ex
506 3158 563 3215 quo
581 3140 689 3202 lexico?
713 3161 748 3201 ex
768 3161 825 3218 quo
845 3141 1005 3220 glossario?
1031 3142 1120 3200 multo
1143 3144 1247 3220 proba-

142 3222 227 3281 bilius
241 3223 340 3280 dicitur
352 3223 477 3282 Graecos
496 3221 630 3284 Latinam
644 3246 741 3286 vocem
754 3228 879 3288 blatteam
893 3227 923 3285 in
941 3247 1021 3287 suam
1035 3228 1176 3286 civitatem
1193 3229 1246 3286 ad-

141 3308 271 3380 scivisse3
292 3307 335 3366 vel
351 3301 615 3389 attenuarent
626 3313 778 3389 formasse,
801 3317 835 3372 ut
847 3312 986 3390 significet
1009 3312 1142 3389 quicquid
1156 3311 1246 3372 latum

142 3399 174 3453 et
185 3411 338 3472 expansum
357 3401 409 3454 est.
426 3393 492 3453 hinc
504 3395 627 3456 blutla'um
646 3397 722 3474 auri,
742 3399 870 3476 argenti,
891 3399 972 3477 ferri,
994 3398 1116 3458 chartae.
1133 3417 1186 3457 nec
1198 3403 1246 3458 sat

141 3479 201 3538 seio
216 3497 253 3537 aa
271 3496 328 3536 non
350 3477 406 3538 huc
425 3479 521 3540 itidem
545 3481 631 3540 faciat
652 3481 849 3543 Germanicum
866 3484 950 3562 blutt,
975 3500 1032 3560 quo
1056 3483 1245 3562 significamus

142 3566 269 3624 lutumst
283 3568 425 3626 exterarum.

213 3673 344 3750 βλάτινον
360 3673 551 3747 λοοιλντίιινω.’
569 3677 684 3750 βλωτίον
705 3685 791 3734 summ
815 3679 1044 3752 persuasoriam,
1070 3685 1150 3739 realia
1174 3685 1245 3740 bom·

141 3747 237 3815 byeinu
259 3754 317 3814 eet,
341 3747 494 3817 quandoque
515 3748 592 3818 plana
612 3767 737 3820 rasaque,
760 3766 937 3820 nonnunquam
961 3749 1041 3805 variis
1064 3753 1156 3822 figuris
1179 3754 1245 3806 deli-

141 3822 235 3883 neata,
271 3832 448 3885 nonnunquam
479 3833 542 3870 auro
577 3818 726 3874 intertexta.
768 3820 808 3872 bis
835 3819 899 3873 locis
929 3836 992 3874 auro
1015 3837 1067 3876 non
1089 3823 1242 3892 intelligitur

143 3885 295 3954 coniugata,
319 3885 464 3940 choniatae
480 3886 507 3941 iu
524 3887 612 3942 Alexio
629 3889 758 3942 &maeno
775 3888 794 3941 1.
812 3891 831 3945 8
848 3883 917 3942 ἄνευ
938 3890 994 3943 τῶν
1020 3889 1156 3962 βλωτίωνι
1186 3908 1244 3944 nam

141 3953 197 4076 ,aaa
212 3953 288 4011 leutio
300 3953 549 4094 'bimpbcbberbbapet
565 3951 638 4025 πλὴν
654 3959 710 4012 τῶν
719 3959 855 4080 gusteris·
868 3955 999 4081 ruffiaco?
1018 3967 1127 4082 ξτεοιτλττ
1148 3962 1245 4082 ma?

182 4041 261 4080 ‚urar
299 4041 308 4075 r
343 4042 370 4077 es
431 4043 455 4078 m
489 4043 558 4080 ωοω
596 4043 695 4080 aanor·
743 4043 872 4082 eremrn
923 4045 1004 4081 reno
1055 4046 1196 4082 τιοιοτο

141 4063 303 4160 οωληνοιτλῖς
320 4087 378 4148 unt
397 4093 527 4165 βλωττίου
558 4043 716 4164 spgemiua’t)
739 4091 838 4166 ὀξέως,
861 4103 943 4151 aaran
970 4097 1161 4150 οοιτολίοιιλολιιι
1184 4045 1249 4150 οἰο-ς

142 4161 215 4214 laceo
231 4162 313 4216 seriem
331 4167 479 4246 conferma,-
502 4165 542 4218 Co
559 4163 594 4216 ini
619 4164 697 4235 paulo
714 4165 823 4220 ialerlus
841 4161 877 4219 roi
894 4161 1028 4235 συνήθως
1043 4161 1243 4234 πολιτουόμενα

142 4229 243 4300 βλωτίοι
259 4230 406 4286 scribantur
423 4233 492 4287 inter
507 4240 643 4288 consuetos
659 4239 744 4289 autem
760 4235 882 4288 multitioa
898 4235 941 4289 rel
957 4237 1043 4287 textos
1060 4251 1158 4304 ροοοοο
1169 4251 1244 4288 rasos

140 4299 229 4370 plures
244 4317 262 4358 a
276 4301 366 4372 ligans
381 4303 443 4360 nudi
459 4303 657 4377 compluuntur.
689 4303 730 4360 au
745 4308 831 4362 buren
846 4302 903 4360 aliu
919 4321 937 4362 a
952 4303 1047 4359 Nireta
1063 4303 1166 4378 seriptis
1177 4321 1242 4360 auro
