2822 4684
477 259 722 360 mcoumr
750 263 834 334 cnr.
851 263 912 334 ον.
1185 263 1259 339 245

156 440 242 486 caure
262 424 362 484 facus.
403 419 547 484 Robertus
568 422 604 482 de
624 420 725 486 Monte
745 422 777 484 in
796 423 953 486 Chronico:
972 445 1023 486 res
1039 425 1171 489 Hearicus
1186 428 1258 507 fecit

150 509 260 590 sosoma
274 509 335 570 altu
353 513 380 567 et
394 507 453 568 loto
467 513 537 570 inter
553 507 700 568 tranem
711 515 738 568 et
758 505 948 572 Nonnonmbm
960 512 999 571 ud
1011 513 1154 590 praedm
1165 533 1259 574 ercen-

154 595 209 656 dor.
252 593 381 654 Andreas
395 594 543 674 presbyter
562 594 593 652 in
611 592 752 654 Chronico
772 592 922 655 Bavarico:
951 596 1114 675 Ratirponoe
1135 617 1154 658 ο
1176 605 1257 678 porto

158 679 189 746 S.
204 679 281 741 Petri
297 699 380 760 usque
395 686 500 758 portam
515 679 700 740 occidentales
714 679 849 762 furatum
866 685 980 742 exterius
994 681 1055 761 (der
1069 679 1255 761 ctodtgreben)

156 761 183 820 in
196 767 406 845 totoperficitur.
448 765 571 826 invenies
591 764 689 824 itidem
708 759 882 843 φουσσοὶτον
909 772 939 826 et
954 760 1117 846 φοοοάτον.
1141 769 1209 844 quin
1225 773 1255 828 et

82 914 85 920 ,
156 845 270 930 simplex
281 849 448 910 vocabulum
453 850 530 929 sorra
539 869 621 909 suum
632 851 736 923 lecere3
751 854 781 908 et
795 855 917 928 φοοσᾶν
924 851 1033 930 fodere,
1043 852 1254 932 sosocnsocere.

157 933 252 996 eadem
266 936 384 995 notione
396 941 536 1016 usurpant
550 933 682 1005 ctdsrou,
703 955 756 1014 pro
770 937 869 995 castris
883 937 994 996 scilicet.
1029 937 1148 996 suidas:
1171 935 1254 1000 οέᾶε-

156 1034 210 1079 τον
225 1017 257 1084 ω’
272 1015 444 1098 percultae.
454 1021 499 1081 'ab
518 1021 617 1087 eadem
636 1021 752 1079 notione
769 1026 814 1080 est
839 1016 990 1102 ἄπληκτον
1009 1020 1163 1102 (significat
1180 1023 1253 1082 enim

155 1104 261 1182 castra)
277 1111 307 1166 et
322 1098 518 1184 ἆπληκεόειν,
540 1125 575 1164 ex
592 1103 698 1166 Latino
713 1106 864 1184 applicare,
884 1115 974 1168 costra
995 1109 1097 1166 metari.
1118 1107 1182 1165 vide
1202 1106 1254 1164 Ri-

155 1186 281 1330 {ilm-
296 1191 326 1250 in
349 1209 404 1250 suo
426 1189 624 1252 Mixoberbaro
646 1197 678 1252 et
707 1190 861 1258 meursium
877 1193 907 1252 in
929 1211 982 1252 suo
1003 1191 1252 1254 Graeco-Barbare

196 1290 305 1335 cesano.

240 1395 269 1453 p·
283 1374 322 1440 25
340 1369 367 1437 r.
383 1379 432 1442 17.
458 1373 610 1456 praejectus
630 1373 735 1454 alogii]
751 1394 811 1436 non
834 1375 904 1438 satis
928 1375 1021 1436 mirari
1034 1389 1158 1454 *possum
1182 1375 1253 1452 quid

153 1453 235 1516 lunio
246 1458 276 1518 in
287 1468 409 1524 mentem
421 1462 545 1539 venerit,
565 1466 599 1520 ut
616 1477 713 1520 rocem
726 1456 782 1526 ἄλο
801 1485 837 1525 ον
853 1463 889 1522 ab
905 1463 1037 1522 Hebraea
1057 1461 1137 1520 baluc
1157 1457 1252 1540 (quod

154 1547 199 1602 est
210 1541 264 1623 ire)
285 1545 444 1625 deduxerit,
463 1567 527 1606 cum
540 1546 601 1604 luce
613 1545 764 1606 deduscit
778 1552 888 1628 alcyon
907 1567 969 1606 esse
985 1565 1081 1605 vocem
1102 1545 1250 1622 Graecam,

44 1640 54 1662 ·
154 1629 235 1704 quasi
253 1628 329 1698 dicas
347 1634 517 1704 irrationale3
539 1649 595 1708 quo
610 1633 722 1692 nomine
740 1633 908 1692 recentiores
927 1633 1028 1692 Graeci
1045 1651 1122 1712 equos
1143 1631 1250 1708 signifi·
1366 1643 1369 1650 ⁴

152 1721 227 1772 cant.
246 1711 409 1792 Anonymus
424 1717 502 1795 apud
514 1715 684 1793 Rigaltiumz
706 1712 800 1800 ἄλογοι
815 1720 873 1800 ζῷα
886 1710 1058 1796 νωτοφόρα,
1075 1708 1250 1794 οἷχθοφόροι.
1265 1707 1267 1714 ’

152 1804 184 1860 et
197 1797 325 1860 absolute
340 1819 392 1878 pro
403 1802 484 1878 equis
498 1801 621 1860 invenies
635 1801 712 1880 apud
730 1799 895 1864 Masticium
909 1801 1034 1862 Leonem
1052 1806 1082 1859 et
1097 1799 1175 1858 ulios.
1194 1801 1249 1860 ita-

154 1882 367 1956 quelunianum
381 1886 500 1947 bolonon
514 1887 660 1964 ablegetur
670 1887 708 1946 ad
718 1888 848 1950 nuntium
859 1907 910 1946 seu
921 1887 1074 1963 viatorem,
1094 1902 1195 1962 quem,
1216 1888 1249 1943 ut

152 1965 249 2026 lunius
261 1968 371 2048 inquit,
395 1971 504 2033 Tuscae
518 1971 663 2050 appellant
675 1971 763 2030 balac.

157 2123 160 2128 .
235 2069 272 2128 ilo.
292 2087 319 2128 v.
338 2072 390 2138 21.
410 2077 534 2132 mutuum
553 2069 634 2130 Iunio
647 2077 693 2130 est
704 2071 798 2150 clava,
819 2092 854 2132 ex
869 2071 966 2133 Italico
985 2067 1134 2132 Mareuvel
1153 2069 1249 2148 potins

153 2151 262 2214 Gallico
276 2151 405 2232 Mortui,
426 2162 460 2215 ut
472 2157 571 2232 inquit.
589 2157 720 2216 scribitur
738 2155 823 2218 etiarn
842 2150 1029 2238 μοιζοόκιον.
1055 2156 1160 2214 ibidem
1178 2171 1249 2232 οτη-

152 2233 234 2301 ltro‘v
249 2239 355 2320 accipio
368 2259 421 2320 pro
434 2247 518 2301 conte
531 2261 582 2300 seu
596 2242 688 2302 hastili
702 2247 866 2321 matzucae‚'
882 2243 929 2302 der
945 2241 1022 2310 οἱοῦ
1046 2241 1076 2299 in
1091 2240 1168 2298 cuius
1185 2257 1248 2296 ver-

152 2324 208 2383 tice
217 2331 278 2384 erat
290 2328 428 2404 βοοτίον,
446 2325 545 2403 butte,
566 2347 635 2406 arpo
651 2347 703 2386 seu
717 2329 827 2407 capello.
847 2327 977 2391 scribitur
989 2344 1105 2403 quoque
1122 2321 1249 2405 βοοτέον

152 2427 220 2487 seu,
246 2408 458 2488 aenigmatis,
487 2405 642 2490 βούττιον,
670 2411 795 2494 βούτζη,
821 2408 974 2493 dudelino,
1007 2408 1143 2492 βούποςς
1173 2427 1248 2484 quae

151 2511 209 2552 non
223 2499 334 2555 tantum
347 2514 447 2575 cupam
460 2513 511 2554 seu
524 2497 678 2577 cupellam,
697 2500 749 2558 sed
761 2500 824 2578 ipsa
837 2499 921 2559 etiam
938 2499 1049 2574 integra
1058 2515 1131 2556 rasa
1141 2494 1248 2552 vinaria

150 2578 353 2724 {insititiam'lll
346 2587 380 2642 ut
403 2585 433 2678 te
455 2581 484 2640 in
501 2579 655 2725 tGolgnsaripp
676 2584 734 2642 suis
751 2579 1247 2728 {ucgommhffsmingsladooebbnt
1262 2574 1285 2629 P
1301 2573 1354 2630 ²⁰3

259 2686 291 2724 us
352 2685 459 2726 eurerus
485 2684 500 2724 e
560 2686 627 2725 esau
648 2687 718 2726 onus
738 2689 757 2728 a
823 2669 918 2728 aito’
941 2687 1016 2726 ume
1100 2666 1176 2724 vium
1216 2685 1247 2723 0-

150 2685 258 2830 pisgcum
271 2772 300 2832 p.
311 2750 391 2829 412,
411 2751 482 2815 622.
501 2750 648 2810 Germanis
661 2753 727 2811 inde
740 2755 816 2812 venit
831 2690 936 2826 blitum
957 2754 995 2810 de
1009 2769 1077 2812 vase
1091 2748 1246 2826 dorsuario,

151 2851 207 2910 quo
217 2855 289 2896 uvae
298 2835 353 2894 iam
363 2857 381 2896 a
393 2834 638 2896 vindemiatoribus
651 2844 774 2897 resectae
788 2857 839 2920 per
853 2838 1008 2898 destinatos
1022 2836 1102 2896 adid
1118 2835 1246 2893 homines

149 2919 317 2998 colliguntur
331 2926 361 2978 et
376 2921 413 2980 ad
427 2920 549 2978 torcular
562 2923 740 3000 deferuntur,
759 2941 920 3004 quanquam
934 2925 1023 2984 bullas
1035 2921 1132 2979 itidem
1143 2924 1247 2978 vocant

149 3004 205 3066 alia
218 3004 359 3065 dorsualia
372 3007 568 3084 instrumenta,
583 3008 620 3066 ad
633 3008 839 3078 similitudinem
853 3008 950 3068 vinarii
963 3007 1034 3066 illius
1048 3007 1131 3065 facta.
1153 3002 1246 3082 quid?

150 3091 228 3165 quod
242 3090 342 3149 Graeci
355 3111 456 3169 cupam
470 3108 584 3168 quoque
597 3091 626 3149 in
647 3111 728 3152 suam
748 3093 872 3172 linguam
891 3091 1112 3168 transtulerrmt,
1133 3094 1246 3152 κοῦπα.

150 3173 278 3233 adfertur
290 3175 375 3234 etiam
387 3165 546 3256 βοῦτινον,
566 3176 720 3256 butinapro
735 3177 843 3255 lagena.
864 3179 948 3237 butto
968 3195 1063 3236 sacrae
1082 3173 1246 3256 supellectili

149 3258 313 3338 adiungitur
327 3260 363 3318 ab
376 3259 527 3320 Anastasio
540 3260 570 3317 in
582 3257 679 3320 Leone
695 3261 750 3320 IV:
773 3264 868 3322 obtolit
881 3266 910 3322 in
923 3263 1036 3321 basilica
1047 3262 1071 3320 b.
1088 3259 1165 3320 Petri
1177 3279 1244 3337 apo·

150 3344 215 3402 stoli
234 3347 365 3404 bettonem
382 3346 414 3404 do
433 3349 543 3421 argento
553 3350 703 3422 pestremo.
723 3347 823 3426 igitur,
842 3353 877 3405 ut
895 3349 961 3406 hinc
980 3347 1129 3422 abeamus,
1150 3350 1244 3404 contus

148 3429 495 3508 diccnicr'iprotologatcrio
512 3427 636 3490 babebat
647 3431 677 3489 in
689 3431 791 3492 vertice
804 3433 946 3512 βουτίον,
969 3431 1000 3488 id
1020 3431 1148 3488 nimirum
1166 3429 1244 3505 quod

149 3513 284 3575 Germani
297 3514 394 3573 dicunt
407 3519 449 3575 ein
460 3514 605 3594 lorippelein.
623 3535 721 3574 verum
732 3515 802 3576 haec
815 3517 908 3579 omnia
920 3535 1046 3576 eversum
1059 3515 1082 3574 it
1095 3513 1245 3592 Meursius,

151 3601 200 3675 qui
219 3601 250 3660 in
274 3599 418 3660 Glossario
438 3618 465 3658 v.
484 3601 627 3685 βοολλίον
646 3601 768 3661 affirmat
785 3602 934 3680 legendum
960 3620 1019 3660 non
1048 3600 1171 3680 βοοτὶον
1191 3599 1244 3658 sed

149 3685 308 3768 βοολλίον,
327 3686 408 3761 quod
420 3691 466 3745 est
484 3685 632 3762 abiectus,
651 3687 775 3746 ceraton.
795 3689 848 3746 sed
867 3707 931 3746 cum
946 3687 1000 3746 lroc
1018 3686 1079 3744 sine
1099 3685 1180 3746 ullius
1197 3701 1242 3742 me

147 3772 252 3830 codids
265 3772 433 3831 auctoritate
445 3776 568 3849 asserat,
581 3789 640 3832 non
653 3778 698 3835 ert
711 3791 760 3830 err
772 3779 885 3832 nostrae
898 3771 1033 3849 lectionis,
1050 3789 1122 3848 quae
1134 3769 1242 3830 calamo

146 3858 268 3916 exaratis
281 3855 483 3936 exemplaribus
495 3855 620 3935 fulcitur,
635 3877 687 3918 sos
700 3864 756 3932 aut
764 3860 908 3938 poeniteat
921 3863 972 3918 eut
981 3858 1093 3936 pigeat,
1112 3856 1165 3915 nisi
1179 3854 1243 3931 quis

148 3942 227 4003 malit
237 3943 331 4020 legere
343 3943 472 4022 rooplou
480 3943 650 4022 flammulam
664 3963 682 4004 a
695 3941 785 4024 tupha
803 3962 854 4004 seu
871 3945 941 4005 tufa
962 3943 1080 4003 sudas:
1101 3933 1242 4012 οτειλειδς

65 4015 70 4028 ’
146 4021 182 4088 vd
197 4031 253 4110 τῆς
262 4022 371 4108 sillone
383 4019 475 4104 ξύλον
487 4033 540 4086 etc
554 4027 614 4088 rtiel
625 4049 663 4090 cn
675 4028 722 4089 der
733 4035 791 4090 ext.
812 4036 843 4091 et
862 4031 936 4091 forte
949 4029 994 4090 lric
1014 4027 1099 4087 etiam
1118 4023 1241 4085 scriben-

145 4112 215 4171 ‹lum
228 4117 382 4191 σοοιλεῖος,
404 4131 462 4173 οοο
474 4105 620 4194 eripiendo.

217 4211 280 4266 ibid.
312 4206 350 4282 ἢν
374 4207 519 4275 ἰδιωτικῶς
545 4211 661 4266 καλοῦσι
681 4212 850 4284 μοτζοῦκᾳν]
878 4209 917 4267 ila
942 4212 997 4264 este
1028 4207 1106 4261 οῐοοο
1136 4198 1240 4258 &cert-

147 4279 203 4345 uie
218 4287 246 4338 et
261 4282 339 4354 vulgo
355 4281 512 4354 puerone,
527 4285 556 4337 et
567 4287 596 4338 nt
612 4281 713 4339 cadite
726 4283 883 4349 tenuem,
899 4299 916 4336 e
932 4277 1033 4334 Gallico
1049 4289 1165 4344 noune,
1192 4289 1241 4328 vo.-

287 4410 307 4460 s
