2802 4686
401 293 458 358 uu
484 292 662 374 urricus
683 294 748 378 or.
775 295 859 364 cur.
873 296 966 364 xvi.
1123 273 1130 284 '
1183 295 1231 366 aa

235 459 280 527 ‘0
295 461 329 528 δὲ
344 461 439 546 με’γας
451 461 677 550 ἀδνουμιαστὴς
697 471 753 534 τοῦ
775 463 932 556 φοσσάτου
955 465 1230 551 ἀδνουμιαζομὲνου

135 565 219 652 παρά
235 571 292 630 cori
302 561 435 650 μεγάλου
451 570 628 649 δομεστλκσυ
641 567 767 657 πάρεστι
779 572 835 654 μὲν
849 573 899 636 καὶ
913 567 1017 648 αὐτός·
1038 570 1091 635 ἐάν
1105 572 1142 636 δέ
1154 556 1255 648 τινεςά

136 659 209 734 ῶσιν
223 667 284 732 ἀπὸ
299 666 415 734 τούτων
430 667 621 756 στερούμενοι
636 671 753 759 ἀλόγων
767 673 789 758 ἢ
803 672 947 761 ἀρμάτων
961 679 1050 742 τινῶν
1056 721 1066 752 ,
1093 672 1229 761 ἀπογρα-

52 832 55 842 ,
134 767 268 858 φάμενος
281 762 370 848 οὗτος
385 772 424 838 τά
441 777 580 840 λείποντα
596 779 776 859 ἓπιμελεῒται
793 777 1047 864 ἀναπληροῦσθαι
1060 782 1170 842 ταῦτα.

107 887 125 940 5
233 871 356 952 Πάντες
367 877 423 958 μὲν
435 868 498 954 οὖν,
520 879 570 941 καὶ
587 879 673 944 αὐτοὶ
689 881 717 945 oi
732 886 787 946 τοῦ
799 881 949 961 βασιλέως
961 879 1039 957 υἱοί,
1063 881 1229 963 βιγλίζουσι

131 975 285 1059 μετὰτῶν
300 975 356 1042 ἀπ’
372 977 492 1056 αάτοάς,
511 976 527 1045 ὃ
544 982 577 1046 δὲ
587 983 683 1066 μέγας
696 984 873 1066 δομάστικος
885 981 1037 1065 οάδαμῶς.
1063 979 1082 1066 ᾖ
1100 982 1133 1046 δὲ
1148 983 1230 1047 ciria

132 1081 214 1146 ἐστὶν
230 1079 325 1164 αὕτη,
362 1080 408 1146 ότι
421 1078 549 1162 ἑκάστου
563 1085 618 1167 μὲν
632 1092 692 1151 τῶν
704 1084 857 1172 ἀρχόντων
873 1086 986 1174 μέρους
1003 1083 1160 1172 φοσσάτου
1178 1082 1229 1150 όν·
1245 1092 1267 1146 P
1285 1095 1335 1150 119

131 1207 204 1263 τος,
229 1183 375 1271 ἄρχοντος
390 1193 444 1250 τοῦ
459 1185 591 1270 μεγάλου
607 1191 784 1271 δομεστίκου
800 1195 855 1255 τοῦ
867 1186 1016 1267 καθόλου,
1041 1187 1128 1254 καθά
1146 1187 1229 1274 εἷ’ρη-

130 1311 183 1352 ται
188 1290 271 1386 ,ἰδεΐ
279 1297 417 1373 παρεῖναι
434 1289 484 1355 δεδι
500 1296 590 1356 τοῦτο
606 1297 713 1358 τοῦτον
729 1292 774 1358 ἀεὶ
792 1293 823 1358 ἓν
835 1294 924 1358 παντὶ
938 1298 982 1379 τῷ
997 1287 1143 1379 φοσσάτῳ
1159 1296 1229 1368 δια-

89 1389 280 1461 rectaene
295 1388 426 1470 πάντας,
450 1396 502 1458 ἵνα
523 1393 568 1476 μὴ
592 1393 705 1482 ἀφόδου
729 1396 879 1478 πολεμίων
893 1395 1068 1480 γενομένης,
1093 1397 1119 1459 εἰ
1132 1391 1228 1478 τόχοι,

126 1491 225 1580 χωρὶς
243 1490 389 1578 ἡγεμόνος
408 1492 443 1559 ci
469 1493 606 1562 καθόλου
630 1494 804 1585 στράτευμα
820 1495 945 1586 εδρεθῇ.
996 1495 1049 1564 διά
1070 1523 1117 1562 τοι
1137 1504 1227 1574 rorico

130 1598 181 1662 uui
197 1602 255 1664 ταῶ
268 1598 419 1679 βασιλέως
432 1597 661 1682 ἀποδημοῦντος
682 1598 698 1666 ὃ
719 1600 813 1688 με’γας
833 1603 1008 1686 δομίστικος
1026 1602 1058 1667 ἒν
1073 1591 1100 1690 ᾧ
1113 1597 1228 1690 τάπφὸ

128 1699 274 1781 βασιλεδς
290 1703 333 1776 εἰς
346 1700 381 1769 τὸ
398 1699 553 1788 φοσσάτον
571 1700 748 1789 εὑρίσκεται.

218 1802 302 1868 Ἀπὸ
318 1809 374 1867 τοῦ
387 1802 518 1888 νοάρσου
532 1808 727 1892 πρῶτονμὲν
749 1807 867 1872 δίδοται
889 1803 909 1889 ἡ
929 1805 1126 1890 πενταμοιρόα
1146 1803 1228 1892 λόγῳ

87 1905 369 1985 obturbabatur,
403 1902 543 1990 δεύτερον
564 1907 623 1973 ἀπὸ
648 1915 703 1980 τοῦ
724 1906 863 1974 καθόλου
887 1907 1045 1994 φοσσάτοο
1071 1904 1150 1995 λόγῳ
1172 1912 1229 1976 τοῦ
1361 1987 1364 1994 Α

127 2002 265 2090 μεγάλου
280 2009 467 2089 δσμεστίιιου,
486 2010 589 2094 τρίτονΙ
600 2011 633 2076 δέ
647 2009 728 2100 λόγῳ
740 2018 801 2078 τῶν
813 2018 942 2098 μερικῶν
955 2006 1148 2097 κεφαλάδων,
1170 2009 1223 2097 ἀφ’
1241 2025 1263 2080 Β

129 2100 168 2176 οὗ
180 2109 294 2196 μέρους
312 2111 437 2186 ἕκαστος
452 2109 548 2197 άρχει.

228 2209 302 2277 Ἐάν
314 2239 382 2278 τινα
394 2212 454 2276 ἀπὸ
466 2219 526 2278 τῶν
539 2209 712 2300 ῥογατόρων
726 2221 919 2301 στρατιωτῶν
930 2211 1047 2280 άπαιδα
1059 2217 1165 2299 συμβῇ
1177 2237 1226 2277 τε·

130 2320 273 2400 λευτῆραι
282 2363 294 2395 ,
325 2315 360 2382 τὸ
381 2322 437 2381 τοῦ
460 2319 594 2398 πολέμου
616 2315 727 2402 ἀλογον
747 2319 928 2384 incloacari
949 2318 988 2383 τά
1011 2315 1135 2404 ἀρματα
1149 2315 1227 2404 πρὸς

88 2417 183 2486 ababa
193 2419 286 2504 μίγαν
302 2418 477 2499 δομὲστιιιον
493 2422 673 2504 κομιζονται.

231 2525 271 2589 Εἰ
283 2520 383 2605 δεήσει
398 2524 528 2588 διελθεῖν
544 2523 596 2591 τόν
607 2525 701 2608 μέγαν
720 2522 895 2608 δομέστιιιον
912 2525 954 2602 εἷς
969 2518 1129 2606 ἡγεμονίαν
1145 2518 1226 2594 τινὸς

129 2631 190 2691 τῶν
202 2623 365 2709 ἀρχόντων,
400 2625 434 2691 τό
450 2628 543 2693 ἐκεῖσε
557 2625 714 2712 φοοσάτον
728 2634 835 2694 τοῦτον
849 2630 1002 2720 ἐρωτῶσι,
1029 2626 1079 2690 καὶ
1096 2622 1155 2711 πρὸ
1172 2627 1226 2705 τῆς

129 2727 246 2798 ἑαυτῶν
256 2733 406 2816 κεφαλῆς,
430 2728 465 2794 τδ
479 2731 512 2794 τί
522 2731 664 2815 γενέσθαι
677 2732 735 2798 δεῖ.

200 2907 232 2960 17
249 2900 364 2968 ἕκαστος
380 2923 420 2960 our
437 2905 483 2960 AB

195 3059 307 3127 Magnus
324 3059 499 3114 aduumiartea
516 3059 592 3114 adeat
609 3067 636 3115 et
651 3061 724 3133 ipae,
750 3061 854 3131 quaudo
878 3057 1008 3112 exercitus
1032 3073 1048 3109 a
1064 3068 1158 3124 magno
1175 3052 1224 3106 do·

127 3129 236 3180 mastico
254 3128 389 3183 lustratur.
425 3129 448 3183 ai
464 3131 633 3198 reperiantur
649 3131 693 3200 qul
711 3137 819 3184 careant
837 3129 912 3200 equis
928 3127 970 3180 rel
987 3125 1065 3179 armis
1083 3123 1224 3194 aliquibus,

128 3197 289 3263 consignatio
306 3197 452 3252 nominibus
469 3207 544 3252 curat
559 3206 589 3252 ut
607 3215 675 3268 quae
690 3202 786 3253 dosunt
800 3199 981 3268 suppleantur.
1113 3261 1119 3275 ι

197 3267 295 3320 Oranus
311 3267 407 3336 igitur,
432 3267 486 3336 ipsi
503 3267 581 3320 etiam
599 3269 764 3338 imperatoria
781 3267 843 3336 filii,
868 3266 980 3336 vigilant
1004 3280 1060 3316 eum
1083 3261 1135 3314 ilhs
1157 3277 1224 3343 quor

126 3336 347 3391 obturbabant
382 3345 411 3389 at
434 3353 541 3405 magnus
562 3337 719 3391 domesticus
736 3354 876 3405 nunquam.
910 3335 980 3390 ratio
1003 3340 1044 3403 cat
1067 3331 1134 3384 iata:
1160 3345 1222 3397 quia

127 3421 183 3457 curu
206 3405 317 3473 quilibet
340 3423 374 3458 cx
394 3404 453 3458 aliis
476 3407 632 3475 proceribus
657 3414 684 3460 et
705 3406 815 3460 ducibus
835 3407 871 3458 ait
886 3412 986 3458 tantum
1002 3417 1063 3472 para
1081 3399 1221 3466 exercitur,

127 3490 235 3542 magnus
258 3483 344 3527 autera
367 3474 523 3531 domesticus
546 3476 669 3529 univerae
694 3475 824 3528 exercitui
845 3475 971 3544 imperet,
998 3479 1028 3526 ut
1051 3469 1147 3522 dictum
1171 3476 1222 3534 est,

127 3548 233 3613 oportet
250 3551 280 3596 ut
296 3560 398 3612 seraper
413 3545 563 3600 uuiversum
581 3545 723 3600 exercitum
742 3547 820 3598 obeat
841 3549 867 3598 ot
889 3560 977 3596 ornnes
995 3541 1022 3595 iu
1040 3539 1157 3592 ordinem
1176 3555 1221 3590 co-

126 3619 187 3680 gat,
211 3629 246 3665 ue
268 3613 293 3666 ai
315 3611 437 3666 fortassis
458 3613 572 3668 hortium
592 3613 703 3670 incultus
725 3615 841 3682 oriatur,
864 3611 996 3665 exercitus
1020 3607 1137 3676 generali
1155 3607 1222 3660 duce

127 3688 227 3734 careat.
269 3683 435 3750 quamobrem
460 3684 570 3738 absente
592 3684 751 3752 imperatore
773 3691 847 3737 tenet
870 3681 913 3736 ille
935 3681 964 3734 in
986 3678 1104 3744 exercitu
1126 3676 1220 3744 locum,

126 3767 203 3820 quem
217 3751 362 3820 imperator
373 3757 485 3819 teneret,
503 3751 527 3804 ai
543 3752 659 3806 adesset.

193 3821 238 3872 Ex
254 3819 346 3890 spoliis
362 3821 471 3888 primum
487 3821 591 3890 quidem
610 3823 701 3891 quinta
715 3837 777 3891 para
789 3821 867 3874 datur
877 3816 1039 3890 imperatori,
1056 3815 1170 3870 secundo
1185 3813 1219 3866 ab

126 3889 250 3943 universo
267 3887 386 3942 exercitu
400 3906 493 3956 magno
510 3891 666 3959 domestico,
691 3892 772 3947 tertio
788 3889 990 3958 particularibus
1008 3887 1153 3956 capitaneis
1173 3899 1220 3936 seu

126 3960 235 4013 ducibus
253 3974 270 4011 a
286 3957 486 4028 particularibus
503 3959 604 4026 turmis,
626 3960 719 4043 quibua
737 3959 848 4030 quilibet
864 3966 979 4028 praeest.

193 4029 225 4082 Si
242 4027 301 4098 quia
321 4045 355 4080 ex
371 4027 549 4096 stipendiariis
566 4028 690 4082 militibus
706 4029 832 4082 moriatur
849 4031 906 4082 sine
922 4025 1027 4090 liberie,
1051 4041 1148 4094 equus,
1166 4039 1218 4090 quo

124 4096 169 4150 illo
185 4098 214 4150 in
230 4097 301 4152 bello
316 4097 449 4164 utebatur,
467 4103 496 4150 et
511 4114 583 4152 arma
599 4100 632 4152 ad
650 4116 768 4166 magnum
785 4098 953 4152 domesticum
970 4095 1133 4146 deferuntur.

194 4167 227 4218 Si
242 4173 365 4238 oporteat
380 4183 500 4233 magnum
516 4167 686 4223 domesticum
708 4185 757 4237 per
778 4167 887 4222 alicuius
909 4179 1045 4236 procerum
1069 4159 1221 4230 praefectu-

125 4251 182 4287 rara
198 4237 325 4303 transire,
349 4237 396 4304 qui
419 4236 458 4289 ibi
479 4236 613 4304 reperitur
633 4237 765 4295 exercitur
782 4254 839 4294 curu
856 4236 930 4310 priua
948 4248 1023 4305 quam
1040 4247 1113 4284 suum
1129 4228 1220 4280 ducem

125 4303 282 4374 interrogat,
304 4303 367 4373 quid
383 4305 454 4360 lacto
472 4305 509 4361 ait
524 4321 600 4377 opus.
